AAPL,122.21,1602662458291958712,0,79,1,1459,11,1602662458291591168,3
AAPL,122.21,1602662458467488651,0,80,3,1460,11,1602662458467122688,3
AAPL,122.21,1602662459580012480,0,81,1,1462,11,1602662459579646720,3
AAPL,122.37,1602662460162389800,0,82,6,1464,11,1602662460162022400,3
AAPL,122.37,1602662460415135573,0,83,94,1466,11,1602662460414759168,3
AAPL,122.38,1602662460415135751,0,84,120,1467,11,1602662460414759168,3
AAPL,122.24,1602662462490420204,0,43,1,1468,12,1602662462490404043,3
AAPL,122.24,1602662463745034611,0,44,1,1469,12,1602662463745019091,3
AAPL,122.39,1602662464079518104,0,85,73,1470,11,1602662464079151616,3
AAPL,122.38,1602662465402816073,0,45,100,1471,12,1602662465402799821,3
AAPL,122.38,1602662465567355437,0,46,12,1472,12,1602662465567339588,3
AAPL,122.24,1602662465952437940,0,47,1,1473,12,1602662465952422295,3
AAPL,122.24,1602662466679654663,0,48,1,1475,12,1602662466679638873,3
AAPL,122.38,1602662467026960454,0,49,10,1476,12,1602662467026945229,3
AAPL,122.38,1602662469146913828,0,50,2,1478,12,1602662469146895649,3
AAPL,122.3,1602662470160558544,0,51,1,1479,12,1602662470160542288,3
AAPL,122.3,1602662471703374104,0,52,1,1480,12,1602662471703357928,3
AAPL,122.3,1602662472503522434,0,53,1,1481,12,1602662472503505657,3
AAPL,122.24,1602662472503525241,0,54,4,1482,12,1602662472503505657,3
AAPL,122.34,1602662473645240567,0,55,4,1484,12,1602662473645224790,3
AAPL,122.36,1602662474349817841,0,86,43,1485,11,1602662474349452032,3
AAPL,122.24,1602662475993275701,0,56,1,1486,12,1602662475993260402,3
AAPL,122.21,1602662476160237762,0,87,95,1487,11,1602662476159870720,3
AAPL,122.21,1602662476160240364,0,88,5,1488,11,1602662476159870720,3
AAPL,122.24,1602662476264420978,0,57,1,1489,12,1602662476264404071,3
AAPL,122.34,1602662476496798736,0,58,18,1490,12,1602662476496782879,3
AAPL,122.3,1602662480066673159,0,59,3,1491,12,1602662480066656761,3
AAPL,122.34,1602662480066675536,0,60,7,1492,12,1602662480066656761,3
AAPL,122.33,1602662481883018555,0,61,100,1494,12,1602662481883002294,3
AAPL,122.26,1602662482248832208,0,62,1,1495,12,1602662482248814757,3
AAPL,122.26,1602662483502887629,0,63,1,1498,12,1602662483502870021,3
AAPL,122.25,1602662487908081240,0,64,1,1503,12,1602662487908065228,3
AAPL,122.29,1602662488772691952,0,65,22,1504,12,1602662488772674763,3
AAPL,122.25,1602662489306302747,0,66,1,1505,12,1602662489306287379,3
AAPL,122.25,1602662490459669751,0,67,78,1506,12,1602662490459651982,3
AAPL,122.25,1602662490459672410,0,68,2,1507,12,1602662490459651982,3
AAPL,122.24,1602662490459675290,0,69,5,1508,12,1602662490459651982,3
AAPL,122.24,1602662490459678837,0,70,15,1509,12,1602662490459651982,3
AAPL,122.24,1602662492515959610,0,89,100,1510,11,1602662492515591936,3
AAPL,122.24,1602662492672457507,0,71,35,1511,12,1602662492672440810,3
AAPL,122.24,1602662492672460092,0,72,10,1512,12,1602662492672440810,3
AAPL,122.24,1602662493065036643,0,73,50,1517,12,1602662493065019235,3
AAPL,122.21,1602662493217140720,0,74,1,1518,12,1602662493217125514,3
AAPL,122.21,1602662493571706728,0,75,1,1519,12,1602662493571691022,3
AAPL,122.23,1602662494045244666,0,76,1,1522,12,1602662494045226931,3
AAPL,122.24,1602662494045247358,0,77,5,1523,12,1602662494045226931,3
AAPL,122.25,1602662494045249979,0,78,4,1524,12,1602662494045226931,3
AAPL,122.28,1602662494045252739,0,79,45,1525,12,1602662494045226931,3
AAPL,122.21,1602662494280797311,0,80,98,1526,12,1602662494280780820,3
AAPL,122.21,1602662494280799635,0,81,202,1527,12,1602662494280780820,3
AAPL,122.22,1602662495190959820,0,82,100,1528,12,1602662495190944064,3
AAPL,122.21,1602662495221121852,0,83,15,1529,12,1602662495221104471,3
AAPL,122.22,1602662495306707990,0,84,2,1530,12,1602662495306691267,3
AAPL,122.21,1602662495306710279,0,85,283,1531,12,1602662495306691267,3
AAPL,122.21,1602662495404738392,0,86,2,1532,12,1602662495404720847,3
AAPL,122.21,1602662495508543245,0,87,7,1533,12,1602662495508527868,3
AAPL,122.2,1602662496580804301,0,88,1,1534,12,1602662496580788710,3
AAPL,122.2,1602662498101310518,0,89,24,1535,12,1602662498101293874,3
AAPL,122.14,1602662498101313281,0,90,76,1536,12,1602662498101293874,3
AAPL,122.14,1602662498739877673,0,91,1,1537,12,1602662498739861575,3
AAPL,122.14,1602662501757561405,0,92,73,1539,12,1602662501757544959,3
AAPL,122.13,1602662504243532760,0,93,5,1540,12,1602662504243514639,3
AAPL,122.18,1602662504243535136,0,94,1,1541,12,1602662504243514639,3
AAPL,122.21,1602662504243537987,0,95,128,1542,12,1602662504243514639,3
AAPL,122.23,1602662504251207735,0,96,2,1543,12,1602662504251192483,3
AAPL,122.23,1602662504544305616,0,97,22,1544,12,1602662504544290092,3
AAPL,122.23,1602662504694346282,0,98,77,1545,12,1602662504694330315,3
AAPL,122.23,1602662505331657143,0,99,1,1546,12,1602662505331641254,3
AAPL,122.29,1602662506380762120,0,100,1,1548,12,1602662506380745217,3
AAPL,122.3,1602662506380764539,0,101,59,1549,12,1602662506380745217,3
AAPL,122.25,1602662506381162967,0,90,5,1550,11,1602662506380794112,3
AAPL,122.29,1602662506381163183,0,91,2,1551,11,1602662506380794112,3
AAPL,122.23,1602662507213532577,0,102,2,1552,12,1602662507213516635,3
AAPL,122.23,1602662510208129138,0,103,62,1557,12,1602662510208113499,3
AAPL,122.22,1602662510852566190,0,104,1,1558,12,1602662510852550861,3
AAPL,122.22,1602662512304813890,0,105,1,1559,12,1602662512304797979,3
AAPL,122.24,1602662513008413939,0,92,48,1561,11,1602662513008049152,3
AAPL,122.21,1602662514246449292,0,106,2,1562,12,1602662514246433367,3
AAPL,122.21,1602662514262054448,0,107,97,1563,12,1602662514262038851,3
AAPL,122.14,1602662516010471808,0,108,1,1564,12,1602662516010456104,3
AAPL,122.2,1602662516673146150,0,109,1,1565,12,1602662516673127321,3
AAPL,122.2,1602662516673147147,0,110,2,1566,12,1602662516673127321,3
AAPL,122.21,1602662518820021426,0,111,1,1568,12,1602662518820004525,3
AAPL,122.23,1602662518820024938,0,112,24,1569,12,1602662518820004525,3
AAPL,122.2,1602662520988292395,0,113,52,1571,12,1602662520988276873,3
AAPL,122.21,1602662523287411528,0,114,1,1572,12,1602662523287391459,3
AAPL,122.23,1602662523287412179,0,115,62,1573,12,1602662523287391459,3
AAPL,122.25,1602662523287414368,0,116,81,1574,12,1602662523287391459,3
AAPL,122.2,1602662523351654019,0,117,1,1575,12,1602662523351638641,3
AAPL,122.24,1602662525125208394,0,118,7,1576,12,1602662525125192399,3
AAPL,122.2,1602662527463443028,0,119,1,1577,12,1602662527463427472,3
AAPL,122.2,1602662529840567312,0,120,23,1579,12,1602662529840546821,3
AAPL,122.2,1602662529840567942,0,121,13,1580,12,1602662529840546821,3
AAPL,122.16,1602662530060074604,0,122,85,1581,12,1602662530060058832,3
AAPL,122.2,1602662530060425553,0,93,85,1582,11,1602662530060041472,3
AAPL,122.14,1602662531328517096,0,94,1,1584,11,1602662531328150784,3
AAPL,122.16,1602662531462657988,0,123,200,1585,12,1602662531462641922,3
AAPL,122.16,1602662533543543992,0,124,29,1586,12,1602662533543527850,3
AAPL,122.22,1602662533544120236,0,125,1,1587,12,1602662533544103630,3
AAPL,122.23,1602662533544122611,0,126,100,1588,12,1602662533544103630,3
AAPL,122.24,1602662533544125148,0,127,199,1589,12,1602662533544103630,3
AAPL,122.2,1602662536092584404,0,95,681,1591,11,1602662536092217600,3
AAPL,122.23,1602662536108283684,0,128,1,1592,12,1602662536108266368,3
AAPL,122.24,1602662536108285589,0,129,318,1593,12,1602662536108266368,3
AAPL,122.15,1602662537239758184,0,96,1,1594,11,1602662537239390208,3
AAPL,122.15,1602662539041911923,0,97,100,1596,11,1602662539041546752,3
AAPL,122.21,1602662540614372415,0,98,5,1597,11,1602662540614006528,3
AAPL,122.21,1602662542899764798,0,99,1,1598,11,1602662542899390720,3
AAPL,122.23,1602662543017641990,0,100,8,1599,11,1602662543017275392,3
AAPL,122.21,1602662548603159260,0,101,151,1600,11,1602662548602766336,3
AAPL,122.22,1602662549464296184,0,130,10,1601,12,1602662549464278368,3
AAPL,122.23,1602662549464301255,0,131,1,1602,12,1602662549464278368,3
AAPL,122.23,1602662549464302423,0,132,39,1603,12,1602662549464278368,3
AAPL,122.21,1602662550182963926,0,102,1,1604,11,1602662550182598912,3
AAPL,122.23,1602662550216060666,0,133,50,1605,12,1602662550216044982,3
AAPL,122.21,1602662550309287880,0,103,11,1606,11,1602662550308922368,3
AAPL,122.23,1602662550703290425,0,134,30,1607,12,1602662550703273255,3
AAPL,122.23,1602662550826757990,0,135,50,1608,12,1602662550826738605,3
AAPL,122.23,1602662551402449066,0,136,50,1609,12,1602662551402433644,3
AAPL,122.23,1602662552653918569,0,137,300,1611,12,1602662552653903005,3
AAPL,122.21,1602662552785575822,0,104,35,1612,11,1602662552785209088,3
AAPL,122.21,1602662553583250134,0,105,200,1614,11,1602662553582882816,3
AAPL,122.22,1602662553630411382,0,106,1,1615,11,1602662553630045184,3
AAPL,122.22,1602662553831357468,0,107,178,1616,11,1602662553830990848,3
AAPL,122.23,1602662553831431381,0,138,281,1617,12,1602662553831415268,3
AAPL,122.24,1602662553832188790,0,108,100,1618,11,1602662553831821312,3
AAPL,122.24,1602662553832189003,0,109,100,1619,11,1602662553831821312,3
AAPL,122.24,1602662553832272874,0,139,86,1620,12,1602662553832252144,3
AAPL,122.24,1602662553832274786,0,140,5,1621,12,1602662553832252144,3
AAPL,122.24,1602662553832276633,0,141,34,1622,12,1602662553832252144,3
AAPL,122.24,1602662553832279452,0,142,20,1623,12,1602662553832252144,3
AAPL,122.24,1602662553832285229,0,143,96,1624,12,1602662553832252144,3
AAPL,122.2,1602662555865980550,0,110,1,1625,11,1602662555865614336,3
AAPL,122.29,1602662558216336377,0,111,50,1627,11,1602662558215970560,3
AAPL,122.29,1602662558591827039,0,112,50,1628,11,1602662558591462912,3
AAPL,122.24,1602662559051514079,0,144,10,1629,12,1602662559051495035,3
AAPL,122.24,1602662559051516733,0,145,2,1630,12,1602662559051495035,3
AAPL,122.24,1602662559051519361,0,146,1,1631,12,1602662559051495035,3
AAPL,122.24,1602662559051522247,0,147,15,1632,12,1602662559051495035,3
AAPL,122.26,1602662559052725845,0,148,5,1633,12,1602662559052709825,3
AAPL,122.29,1602662559054078412,0,113,200,1634,11,1602662559053713920,3
AAPL,122.3,1602662559071253414,0,149,67,1635,12,1602662559071238133,3
AAPL,122.23,1602662560592103375,0,150,1,1636,12,1602662560592087685,3
AAPL,122.22,1602662563563037363,0,114,1,1637,11,1602662563562672128,3
AAPL,122.24,1602662566640986201,0,151,1,1638,12,1602662566640970394,3
AAPL,122.25,1602662567960108445,0,115,1,1639,11,1602662567959742208,3
AAPL,122.26,1602662569928756523,0,152,5,1640,12,1602662569928739385,3
AAPL,122.25,1602662571441361283,0,116,1,1641,11,1602662571440995328,3
AAPL,122.26,1602662574153985232,0,153,1,1646,12,1602662574153969463,3
AAPL,122.26,1602662575562709270,0,154,1,1648,12,1602662575562694107,3
AAPL,122.27,1602662576087496153,0,117,1,1649,11,1602662576087130880,3
AAPL,122.3,1602662576087595491,0,155,299,1650,12,1602662576087579754,3
AAPL,122.3,1602662576388389062,0,156,100,1651,12,1602662576388372856,3
AAPL,122.3,1602662576428685197,0,157,415,1652,12,1602662576428667467,3
AAPL,122.3,1602662576428687142,0,158,20,1653,12,1602662576428667467,3
AAPL,122.32,1602662577730456724,0,118,200,1654,11,1602662577730091776,3
AAPL,122.38,1602662578707964037,0,159,300,1656,12,1602662578707947983,3
AAPL,122.3,1602662579693844379,0,160,1,1658,12,1602662579693828390,3
AAPL,122.34,1602662582510882708,0,119,1,1659,11,1602662582510517248,3
AAPL,122.34,1602662582920092107,0,120,1,1660,11,1602662582919727616,3
AAPL,122.34,1602662583020326632,0,121,1,1661,11,1602662583019963648,3
AAPL,122.35,1602662583826324980,0,122,100,1663,11,1602662583825958400,3
AAPL,122.35,1602662583826328096,0,123,100,1664,11,1602662583825958400,3
AAPL,122.35,1602662584157216458,0,124,50,1665,11,1602662584156851456,3
AAPL,122.35,1602662589261008509,0,161,25,1666,12,1602662589260992092,3
AAPL,122.36,1602662589835864856,0,125,1,1669,11,1602662589835498496,3
AAPL,122.36,1602662590418531615,0,126,1,1670,11,1602662590418166272,3
AAPL,122.37,1602662591759108418,0,162,70,1672,12,1602662591759091847,3
AAPL,122.36,1602662591760614870,0,127,115,1673,11,1602662591760249856,3
AAPL,122.36,1602662592232603054,0,128,264,1674,11,1602662592232237056,3
AAPL,122.38,1602662593952758628,0,163,76,1675,12,1602662593952741714,3
AAPL,122.38,1602662593952762932,0,164,24,1676,12,1602662593952741714,3
AAPL,122.36,1602662595007293070,0,165,1,1677,12,1602662595007277386,3
AAPL,122.37,1602662595452929167,0,166,1,1678,12,1602662595452913535,3
AAPL,122.37,1602662595673173470,0,167,222,1679,12,1602662595673156991,3
AAPL,122.36,1602662596940549120,0,168,9,1680,12,1602662596940533516,3
AAPL,122.35,1602662598667593686,0,169,1,1685,12,1602662598667578408,3
AAPL,122.36,1602662600596911120,0,170,3,1686,12,1602662600596893610,3
AAPL,122.35,1602662601352681906,0,171,1,1688,12,1602662601352666582,3
AAPL,122.36,1602662601708273398,0,172,66,1689,12,1602662601708255773,3
AAPL,122.36,1602662602736540802,0,129,1,1692,11,1602662602736175360,3
AAPL,122.38,1602662603607353976,0,173,30,1693,12,1602662603607338211,3
AAPL,122.39,1602662604841308757,0,130,200,1694,11,1602662604840943616,3
AAPL,122.38,1602662605732207888,0,174,46,1697,12,1602662605732190182,3
AAPL,122.38,1602662605732209307,0,175,50,1698,12,1602662605732190182,3
AAPL,122.39,1602662605733697178,0,131,6,1699,11,1602662605733330176,3
AAPL,122.4,1602662605733698181,0,132,398,1700,11,1602662605733330176,3
AAPL,122.4,1602662605733712410,0,176,1,1701,12,1602662605733697186,3
AAPL,122.4,1602662605734204558,0,133,252,1702,11,1602662605733839104,3
AAPL,122.4,1602662605734204788,0,134,1,1703,11,1602662605733839104,3
AAPL,122.4,1602662606332472282,0,177,1,1704,12,1602662606332456581,3
AAPL,122.38,1602662607966164573,0,135,1,1705,11,1602662607965797120,3
AAPL,122.39,1602662609431349312,0,136,200,1707,11,1602662609430982912,3
AAPL,122.38,1602662609431351069,0,137,427,1708,11,1602662609430982912,3
AAPL,122.38,1602662609466360745,0,138,34,1709,11,1602662609465996800,3
AAPL,122.38,1602662610418159765,0,139,120,1710,11,1602662610417793024,3
AAPL,122.37,1602662611471726912,0,178,38,1713,12,1602662611471711006,3
AAPL,122.37,1602662612145662020,0,179,196,1714,12,1602662612145644936,3
AAPL,122.37,1602662612145664492,0,180,50,1715,12,1602662612145644936,3
AAPL,122.36,1602662612203737722,0,181,1,1717,12,1602662612203722354,3
AAPL,122.36,1602662612325173660,0,182,1,1718,12,1602662612325158140,3
AAPL,122.37,1602662614019571423,0,183,100,1719,12,1602662614019554337,3
AAPL,122.37,1602662615078733843,0,184,100,1720,12,1602662615078717861,3
AAPL,122.36,1602662617691223573,0,185,1,1722,12,1602662617691199109,3
AAPL,122.36,1602662619350714216,0,186,1,1723,12,1602662619350698293,3
AAPL,122.36,1602662620370598246,0,187,46,1724,12,1602662620370580442,3
AAPL,122.35,1602662620370600860,0,188,198,1725,12,1602662620370580442,3
AAPL,122.35,1602662620370603664,0,189,200,1726,12,1602662620370580442,3
AAPL,122.3,1602662621511345251,0,190,9,1737,12,1602662621511326561,3
AAPL,122.3,1602662621511347681,0,191,50,1738,12,1602662621511326561,3
AAPL,122.3,1602662621511350369,0,192,200,1739,12,1602662621511326561,3
AAPL,122.3,1602662621511352748,0,193,141,1740,12,1602662621511326561,3
AAPL,122.3,1602662622032205479,0,194,1,1741,12,1602662622032188031,3
AAPL,122.37,1602662622866372980,0,195,100,1742,12,1602662622866356936,3
AAPL,122.35,1602662623526966490,0,196,1,1743,12,1602662623526950202,3
AAPL,122.37,1602662624653227926,0,197,19,1744,12,1602662624653212082,3
AAPL,122.37,1602662624667439813,0,198,1,1745,12,1602662624667424198,3
AAPL,122.35,1602662625288113744,0,199,9,1746,12,1602662625288097571,3
AAPL,122.3,1602662625620234360,0,200,1,1747,12,1602662625620218300,3
AAPL,122.3,1602662626898923511,0,201,296,1748,12,1602662626898905993,3
AAPL,122.3,1602662626898925931,0,202,50,1749,12,1602662626898905993,3
AAPL,122.21,1602662626899689405,0,140,154,1750,11,1602662626899324416,3
AAPL,122.22,1602662631491534082,0,141,1,1754,11,1602662631491169536,3
AAPL,122.3,1602662631565369093,0,203,20,1755,12,1602662631565353258,3
AAPL,122.3,1602662632092776569,0,204,20,1756,12,1602662632092761005,3
AAPL,122.28,1602662632997018133,0,205,97,1758,12,1602662632997001592,3
AAPL,122.3,1602662632997020867,0,206,3,1759,12,1602662632997001592,3
AAPL,122.3,1602662636582520930,0,207,5,1762,12,1602662636582505184,3
AAPL,122.24,1602662636671929751,0,208,1,1763,12,1602662636671914325,3
AAPL,122.24,1602662638974101880,0,209,29,1765,12,1602662638974084465,3
AAPL,122.21,1602662638974104420,0,210,71,1766,12,1602662638974084465,3
AAPL,122.22,1602662638974328470,0,142,168,1767,11,1602662638973964544,3
AAPL,122.22,1602662641981069954,0,143,1,1769,11,1602662641980705792,3
AAPL,122.3,1602662642700499987,0,211,4,1770,12,1602662642700484581,3
AAPL,122.26,1602662643860038460,0,212,100,1771,12,1602662643860022245,3
AAPL,122.3,1602662643860041273,0,213,168,1772,12,1602662643860022245,3
AAPL,122.36,1602662643990799866,0,214,1,1773,12,1602662643990783348,3
AAPL,122.36,1602662643990802427,0,215,67,1774,12,1602662643990783348,3
AAPL,122.36,1602662643992991381,0,216,40,1775,12,1602662643992975470,3
AAPL,122.3,1602662644373062643,0,217,52,1776,12,1602662644373046738,3
AAPL,122.22,1602662645141814721,0,144,1,1777,11,1602662645141451520,3
AAPL,122.22,1602662646280825443,0,145,376,1778,11,1602662646280454656,3
AAPL,122.21,1602662646280831607,0,146,300,1779,11,1602662646280454656,3
AAPL,122.21,1602662646280831832,0,147,88,1780,11,1602662646280454656,3
AAPL,122.21,1602662646280832000,0,148,106,1781,11,1602662646280454656,3
AAPL,122.22,1602662647781811671,0,218,1,1782,12,1602662647781795483,3
AAPL,122.3,1602662650705667428,0,219,2,1784,12,1602662650705613608,3
AAPL,122.22,1602662650784696381,0,220,1,1785,12,1602662650784680887,3
AAPL,122.3,1602662651436331943,0,221,76,1787,12,1602662651436316024,3
AAPL,122.3,1602662651662062141,0,222,22,1788,12,1602662651662045878,3
AAPL,122.3,1602662651662064630,0,223,10,1789,12,1602662651662045878,3
AAPL,122.33,1602662651662448020,0,149,8,1790,11,1602662651662083584,3
AAPL,122.24,1602662655313132802,0,224,33,1791,12,1602662655313116536,3
AAPL,122.24,1602662657775365572,0,150,1,1793,11,1602662657775001344,3
AAPL,122.33,1602662661900151328,0,151,92,1799,11,1602662661899785472,3
AAPL,122.34,1602662661900153210,0,152,8,1800,11,1602662661899785472,3
AAPL,122.25,1602662662229811251,0,153,1,1801,11,1602662662229446656,3
AAPL,122.3,1602662666773700187,0,225,14,1804,12,1602662666773681422,3
AAPL,122.27,1602662668297748777,0,154,1,1807,11,1602662668297383424,3
AAPL,122.26,1602662670248723473,0,226,2,1808,12,1602662670248700789,3
AAPL,122.27,1602662670772990773,0,155,3,1812,11,1602662670772626432,3
AAPL,122.3,1602662673702588159,0,227,6,1815,12,1602662673702571500,3
AAPL,122.3,1602662673702590592,0,228,20,1816,12,1602662673702571500,3
AAPL,122.33,1602662673702985190,0,156,100,1817,11,1602662673702617344,3
AAPL,122.34,1602662673702985455,0,157,174,1818,11,1602662673702617344,3
AAPL,122.34,1602662673703038588,0,158,14,1819,11,1602662673702675456,3
AAPL,122.34,1602662673703462072,0,159,26,1820,11,1602662673703098880,3
AAPL,122.34,1602662673706242872,0,160,74,1821,11,1602662673705879808,3
AAPL,122.34,1602662673706616533,0,161,4,1822,11,1602662673706251008,3
AAPL,122.35,1602662673706616746,0,162,22,1823,11,1602662673706251008,3
AAPL,122.35,1602662673710049756,0,163,60,1824,11,1602662673709687040,3
AAPL,122.35,1602662673710135452,0,164,18,1825,11,1602662673709768704,3
AAPL,122.35,1602662673710135625,0,165,16,1826,11,1602662673709768704,3
AAPL,122.35,1602662673710177870,0,166,84,1827,11,1602662673709810688,3
AAPL,122.35,1602662673710178157,0,167,100,1828,11,1602662673709810688,3
AAPL,122.36,1602662673710178493,0,168,56,1829,11,1602662673709810688,3
AAPL,122.36,1602662673710692106,0,169,26,1830,11,1602662673710328832,3
AAPL,122.36,1602662673716373378,0,229,26,1831,12,1602662673716358299,3
AAPL,122.28,1602662673890098775,0,170,3,1833,11,1602662673889735936,3
AAPL,122.28,1602662675487567834,0,171,1,1835,11,1602662675487204352,3
AAPL,122.3,1602662678621758250,0,230,1,1837,12,1602662678621741003,3
AAPL,122.29,1602662680334385917,0,172,1,1839,11,1602662680334021120,3
AAPL,122.35,1602662681022023153,0,231,100,1840,12,1602662681022005474,3
AAPL,122.36,1602662681022025687,0,232,67,1841,12,1602662681022005474,3
AAPL,122.36,1602662681022028330,0,233,13,1842,12,1602662681022005474,3
AAPL,122.36,1602662681900254421,0,234,17,1844,12,1602662681900235751,3
AAPL,122.36,1602662681900256678,0,235,13,1845,12,1602662681900235751,3
AAPL,122.36,1602662681900258450,0,236,119,1846,12,1602662681900235751,3
AAPL,122.31,1602662684415788038,0,173,9,1849,11,1602662684415425024,3
AAPL,122.3,1602662685593772769,0,174,10,1854,11,1602662685593408256,3
AAPL,122.3,1602662685643825265,0,175,1,1855,11,1602662685643461888,3
AAPL,122.3,1602662685644747616,0,176,30,1856,11,1602662685644382208,3
AAPL,122.3,1602662685858696667,0,177,1,1857,11,1602662685858333440,3
AAPL,122.3,1602662686217213864,0,178,50,1858,11,1602662686216849664,3
AAPL,122.3,1602662686545079481,0,179,2,1859,11,1602662686544716032,3
AAPL,122.3,1602662686805927247,0,180,12,1860,11,1602662686805561344,3
AAPL,122.3,1602662686997227767,0,181,3,1861,11,1602662686996864256,3
AAPL,122.3,1602662687267997245,0,182,1,1862,11,1602662687267632640,3
AAPL,122.3,1602662688529167345,0,183,12,1865,11,1602662688528802304,3
AAPL,122.3,1602662688529884128,0,184,10,1866,11,1602662688529521152,3
AAPL,122.3,1602662688540446693,0,185,6,1867,11,1602662688540083200,3
AAPL,122.3,1602662689583278318,0,186,1,1869,11,1602662689582913792,3
AAPL,122.3,1602662689697624854,0,187,100,1870,11,1602662689697260544,3
AAPL,122.3,1602662689744440976,0,188,13,1871,11,1602662689744075776,3
AAPL,122.3,1602662689986599702,0,189,10,1873,11,1602662689986235648,3
AAPL,122.3,1602662690336114595,0,190,3,1875,11,1602662690335748864,3
AAPL,122.3,1602662690504607189,0,191,8,1876,11,1602662690504243200,3
AAPL,122.3,1602662690632249623,0,192,10,1877,11,1602662690631885824,3
AAPL,122.3,1602662690898935667,0,193,10,1879,11,1602662690898572032,3
AAPL,122.3,1602662691028883580,0,194,4,1880,11,1602662691028519680,3
AAPL,122.3,1602662691231084928,0,195,10,1881,11,1602662691230721024,3
AAPL,122.3,1602662691349763032,0,196,28,1882,11,1602662691349398784,3
AAPL,122.3,1602662691437270939,0,197,1,1884,11,1602662691436906752,3
AAPL,122.3,1602662691562354017,0,198,2,1885,11,1602662691561987840,3
AAPL,122.3,1602662691568274019,0,199,2,1886,11,1602662691567908864,3
AAPL,122.3,1602662691670186359,0,200,15,1887,11,1602662691669822464,3
AAPL,122.3,1602662692439439036,0,201,5,1889,11,1602662692439072512,3
AAPL,122.3,1602662692597530487,0,202,126,1890,11,1602662692597164544,3
AAPL,122.32,1602662692879155941,0,237,2,1891,12,1602662692879139931,3
AAPL,122.32,1602662692886831969,0,238,1,1892,12,1602662692886816093,3
AAPL,122.32,1602662693235918016,0,239,1,1893,12,1602662693235899516,3
AAPL,122.32,1602662693336658696,0,240,2,1894,12,1602662693336642252,3
AAPL,122.3,1602662693336661316,0,241,3,1895,12,1602662693336642252,3
AAPL,122.3,1602662693529386217,0,242,1,1896,12,1602662693529369412,3
AAPL,122.3,1602662693529388789,0,243,6,1897,12,1602662693529369412,3
AAPL,122.3,1602662693529391674,0,244,6,1898,12,1602662693529369412,3
AAPL,122.3,1602662693689055801,0,245,8,1899,12,1602662693689040250,3
AAPL,122.3,1602662694443339756,0,246,1,1900,12,1602662694443324139,3
AAPL,122.3,1602662695072252211,0,247,80,1902,12,1602662695072236309,3
AAPL,122.35,1602662695410621652,0,248,29,1903,12,1602662695410604882,3
AAPL,122.35,1602662695410626440,0,249,10,1904,12,1602662695410604882,3
AAPL,122.35,1602662696435949318,0,250,5,1905,12,1602662696435933390,3
AAPL,122.31,1602662698474746468,0,251,1,1906,12,1602662698474730784,3
AAPL,122.31,1602662699127341732,0,252,1,1908,12,1602662699127325709,3
AAPL,122.31,1602662699329104469,0,253,2,1909,12,1602662699329089205,3
AAPL,122.31,1602662699412939435,0,254,2,1911,12,1602662699412922764,3
AAPL,122.31,1602662699454148137,0,255,9,1912,12,1602662699454131857,3
AAPL,122.3,1602662699454151017,0,256,91,1913,12,1602662699454131857,3
AAPL,122.3,1602662699813882640,0,257,170,1915,12,1602662699813866921,3
AAPL,122.3,1602662700235017616,0,203,4,1916,11,1602662700234652672,3
AAPL,122.3,1602662700539393031,0,204,6,1917,11,1602662700539028480,3
AAPL,122.3,1602662701146669516,0,205,4,1918,11,1602662701146305024,3
AAPL,122.3,1602662701867146725,0,206,5,1919,11,1602662701866781440,3
AAPL,122.3,1602662702058526452,0,207,3,1920,11,1602662702058161920,3
AAPL,122.35,1602662702086381320,0,258,2,1921,12,1602662702086365464,3
AAPL,122.3,1602662702863665092,0,259,7,1923,12,1602662702863649179,3
AAPL,122.3,1602662702864114691,0,260,2,1924,12,1602662702864100050,3
AAPL,122.3,1602662702948535046,0,261,2,1925,12,1602662702948519910,3
AAPL,122.3,1602662704257078708,0,262,33,1926,12,1602662704257060429,3
AAPL,122.3,1602662704257079734,0,263,67,1927,12,1602662704257060429,3
AAPL,122.25,1602662704659935261,0,208,18,1928,11,1602662704659570432,3
AAPL,122.25,1602662705967441099,0,209,9,1930,11,1602662705967075328,3
AAPL,122.25,1602662705983486856,0,210,1,1931,11,1602662705983120128,3
AAPL,122.25,1602662705986923811,0,211,200,1932,11,1602662705986560256,3
AAPL,122.25,1602662706150662886,0,212,20,1933,11,1602662706150298624,3
AAPL,122.25,1602662706275100153,0,213,200,1934,11,1602662706274734336,3
AAPL,122.25,1602662706411463114,0,214,7,1935,11,1602662706411099136,3
AAPL,122.3,1602662708331189637,0,264,33,1938,12,1602662708331173616,3
AAPL,122.3,1602662709376880070,0,265,17,1940,12,1602662709376863076,3
AAPL,122.22,1602662711479276963,0,215,7,1942,11,1602662711478911488,3
AAPL,122.3,1602662711479297858,0,266,8,1943,12,1602662711479279913,3
AAPL,122.24,1602662711857194561,0,216,1,1945,11,1602662711856829952,3
AAPL,122.34,1602662715837864441,0,217,7,1946,11,1602662715837499648,3
AAPL,122.3,1602662716996477804,0,267,13,1949,12,1602662716996462221,3
AAPL,122.31,1602662716996923915,0,218,7,1950,11,1602662716996558336,3
AAPL,122.25,1602662717719593894,0,219,1,1951,11,1602662717719229184,3
AAPL,122.31,1602662717994297178,0,220,2,1952,11,1602662717993928960,3
AAPL,122.25,1602662719253173519,0,221,9,1954,11,1602662719252807680,3
AAPL,122.3,1602662724026690527,0,222,50,1955,11,1602662724026325760,3
AAPL,122.25,1602662724624856711,0,268,1,1956,12,1602662724624840717,3
AAPL,122.26,1602662726520078878,0,269,5,1957,12,1602662726520061137,3
AAPL,122.3,1602662727211355318,0,270,5,1958,12,1602662727211338885,3
AAPL,122.3,1602662727591417388,0,271,15,1959,12,1602662727591400975,3
AAPL,122.27,1602662728680109191,0,272,1,1961,12,1602662728680093488,3
AAPL,122.27,1602662735373207653,0,273,1,1965,12,1602662735373191473,3
AAPL,122.27,1602662740514249575,0,274,1,1966,12,1602662740514233806,3
AAPL,122.26,1602662743218652913,0,223,7,1972,11,1602662743218288128,3
AAPL,122.27,1602662743899438309,0,275,1,1973,12,1602662743899422276,3
AAPL,122.28,1602662744580664666,0,276,5,1974,12,1602662744580648760,3
AAPL,122.27,1602662747009523121,0,277,1,1975,12,1602662747009506968,3
AAPL,122.28,1602662747577692357,0,278,7,1976,12,1602662747577676270,3
AAPL,122.28,1602662749007261053,0,279,18,1979,12,1602662749007245546,3
AAPL,122.28,1602662749160534489,0,280,5,1980,12,1602662749160519042,3
AAPL,122.28,1602662755595667696,0,281,10,1985,12,1602662755595652014,3
AAPL,122.28,1602662755903680287,0,282,25,1986,12,1602662755903661045,3
AAPL,122.28,1602662755903683136,0,283,1,1987,12,1602662755903661045,3
AAPL,122.29,1602662755903685958,0,284,15,1988,12,1602662755903661045,3
AAPL,122.29,1602662755903691603,0,285,200,1989,12,1602662755903661045,3
AAPL,122.3,1602662758086942612,0,286,15,1990,12,1602662758086926480,3
AAPL,122.3,1602662758901203016,0,287,1,1991,12,1602662758901187393,3
AAPL,122.3,1602662761699550280,0,288,4,1992,12,1602662761699533463,3
AAPL,122.3,1602662761699553091,0,289,2,1993,12,1602662761699533463,3
AAPL,122.3,1602662761699556236,0,290,44,1994,12,1602662761699533463,3
AAPL,122.3,1602662761828078677,0,291,91,1999,12,1602662761828063202,3
AAPL,122.3,1602662762644038064,0,292,100,2000,12,1602662762644022620,3
AAPL,122.3,1602662766169651792,0,293,1,2001,12,1602662766169636107,3
AAPL,122.3,1602662767930426033,0,294,50,2002,12,1602662767930409888,3
AAPL,122.3,1602662770302892487,0,295,14,2013,12,1602662770302874602,3
AAPL,122.29,1602662770302895808,0,296,9,2014,12,1602662770302874602,3
AAPL,122.28,1602662770302898276,0,297,37,2015,12,1602662770302874602,3
AAPL,122.3,1602662771867388611,0,298,50,2016,12,1602662771867370876,3
AAPL,122.3,1602662773092951260,0,299,280,2017,12,1602662773092934613,3
AAPL,122.31,1602662773109362416,0,224,20,2018,11,1602662773108996352,3
AAPL,122.3,1602662776583122803,0,225,90,2020,11,1602662776582757120,3
AAPL,122.3,1602662785937294378,0,226,80,2023,11,1602662785936928768,3
AAPL,122.3,1602662787005214734,0,300,4,2024,12,1602662787005198584,3
AAPL,122.3,1602662787013772856,0,301,40,2025,12,1602662787013758006,3
AAPL,122.3,1602662788625976950,0,302,22,2026,12,1602662788625961424,3
AAPL,122.31,1602662792107554469,0,227,5,2029,11,1602662792107188992,3
AAPL,122.3,1602662794789486422,0,303,12,2031,12,1602662794789468035,3
AAPL,122.3,1602662794789489019,0,304,150,2032,12,1602662794789468035,3
AAPL,122.3,1602662794789491804,0,305,100,2033,12,1602662794789468035,3
AAPL,122.3,1602662797166218190,0,306,38,2034,12,1602662797166200990,3
AAPL,122.3,1602662798194721685,0,307,10,2035,12,1602662798194705428,3
AAPL,122.31,1602662804951974981,0,228,5,2036,11,1602662804951609600,3
AAPL,122.3,1602662806894304626,0,308,21,2037,12,1602662806894288361,3
AAPL,122.31,1602662806995877442,0,229,6,2038,11,1602662806995512576,3
AAPL,122.31,1602662809737530017,0,230,55,2042,11,1602662809737165056,3
AAPL,122.31,1602662809737532109,0,231,45,2043,11,1602662809737165056,3
AAPL,122.3,1602662809821275622,0,309,2,2044,12,1602662809821260308,3
AAPL,122.31,1602662810799232747,0,232,55,2045,11,1602662810798865920,3
AAPL,122.31,1602662810799235689,0,233,44,2046,11,1602662810798865920,3
AAPL,122.32,1602662810799235813,0,234,1,2047,11,1602662810798865920,3
AAPL,122.32,1602662811439807886,0,235,8,2048,11,1602662811439442176,3
AAPL,122.31,1602662813234425515,0,310,1,2050,12,1602662813234408418,3
AAPL,122.31,1602662813234428228,0,311,12,2051,12,1602662813234408418,3
AAPL,122.32,1602662817293951364,0,312,15,2052,12,1602662817293934637,3
AAPL,122.3,1602662817293954125,0,313,21,2053,12,1602662817293934637,3
AAPL,122.31,1602662820297798121,0,236,1,2055,11,1602662820297432576,3
AAPL,122.31,1602662822291899660,0,314,3,2058,12,1602662822291882178,3
AAPL,122.31,1602662822291902727,0,315,100,2059,12,1602662822291882178,3
AAPL,122.31,1602662822292618218,0,237,99,2060,11,1602662822292247552,3
AAPL,122.31,1602662822292618435,0,238,100,2061,11,1602662822292247552,3
AAPL,122.31,1602662822292618584,0,239,68,2062,11,1602662822292247552,3
AAPL,122.3,1602662822292702877,0,316,72,2063,12,1602662822292684851,3
AAPL,122.3,1602662822292707312,0,317,100,2064,12,1602662822292684851,3
AAPL,122.3,1602662822292709135,0,318,50,2065,12,1602662822292684851,3
AAPL,122.3,1602662822292712149,0,319,307,2066,12,1602662822292684851,3
AAPL,122.3,1602662822292715187,0,320,59,2067,12,1602662822292684851,3
AAPL,122.3,1602662822293470504,0,240,51,2068,11,1602662822293103104,3
AAPL,122.3,1602662822293470640,0,241,50,2069,11,1602662822293103104,3
AAPL,122.3,1602662822996162800,0,321,100,2070,12,1602662822996146841,3
AAPL,122.28,1602662826460593526,0,322,5,2075,12,1602662826460577314,3
AAPL,122.28,1602662828861075864,0,323,58,2076,12,1602662828861059566,3
AAPL,122.3,1602662829476280542,0,324,205,2077,12,1602662829476264809,3
AAPL,122.3,1602662830621569047,0,325,61,2078,12,1602662830621553753,3
AAPL,122.29,1602662832840605154,0,326,5,2079,12,1602662832840589341,3
AAPL,122.29,1602662833645166576,0,327,195,2080,12,1602662833645149922,3
AAPL,122.3,1602662833645169449,0,328,5,2081,12,1602662833645149922,3
AAPL,122.3,1602662833645208863,0,329,160,2082,12,1602662833645194138,3
AAPL,122.27,1602662836243250060,0,242,3,2090,11,1602662836242884352,3
AAPL,122.29,1602662838626132677,0,243,25,2092,11,1602662838625767168,3
AAPL,122.27,1602662853233428326,0,244,22,2093,11,1602662853233063168,3
AAPL,122.3,1602662856509761668,0,330,18,2095,12,1602662856509745463,3
AAPL,122.3,1602662858875900803,0,331,13,2096,12,1602662858875885050,3
AAPL,122.28,1602662858945937024,0,245,75,2097,11,1602662858945567744,3
AAPL,122.3,1602662858945937216,0,246,25,2098,11,1602662858945567744,3
AAPL,122.3,1602662858946072138,0,332,1440,2099,12,1602662858946054727,3
AAPL,122.3,1602662858946074751,0,333,4,2100,12,1602662858946054727,3
AAPL,122.3,1602662858955701350,0,334,55,2101,12,1602662858955685785,3
AAPL,122.3,1602662859083220194,0,335,12,2102,12,1602662859083204340,3
AAPL,122.31,1602662863355692815,0,336,12,2105,12,1602662863355676100,3
AAPL,122.32,1602662863498108526,0,337,1,2106,12,1602662863498092206,3
AAPL,122.31,1602662864353144562,0,338,88,2107,12,1602662864353127781,3
AAPL,122.3,1602662864353147356,0,339,12,2108,12,1602662864353127781,3
AAPL,122.31,1602662875819569824,0,340,2,2114,12,1602662875819554551,3
AAPL,122.31,1602662876907429330,0,341,23,2119,12,1602662876907412445,3
AAPL,122.3,1602662876907431896,0,342,67,2120,12,1602662876907412445,3
AAPL,122.3,1602662880003543081,0,343,32,2122,12,1602662880003527675,3
AAPL,122.31,1602662881349270334,0,344,22,2123,12,1602662881349253208,3
AAPL,122.3,1602662882124944246,0,345,261,2124,12,1602662882124929098,3
AAPL,122.31,1602662882153248260,0,346,78,2125,12,1602662882153231867,3
AAPL,122.33,1602662882153251051,0,347,1,2126,12,1602662882153231867,3
AAPL,122.34,1602662889808701693,0,348,1,2135,12,1602662889808678581,3
AAPL,122.35,1602662889808701934,0,349,4,2136,12,1602662889808678581,3
AAPL,122.32,1602662895357468527,0,350,15,2141,12,1602662895357452787,3
AAPL,122.3,1602662897547561691,0,351,1,2144,12,1602662897547545826,3
AAPL,122.32,1602662899251103825,0,352,18,2150,12,1602662899251087390,3
AAPL,122.3,1602662901386330936,0,353,100,2151,12,1602662901386315471,3
AAPL,122.34,1602662902125845504,0,354,200,2152,12,1602662902125829684,3
AAPL,122.35,1602662902141655005,0,355,46,2153,12,1602662902141635549,3
AAPL,122.35,1602662902141656811,0,356,1,2154,12,1602662902141635549,3
AAPL,122.35,1602662902141658769,0,357,13,2155,12,1602662902141635549,3
AAPL,122.35,1602662902141661520,0,358,1000,2156,12,1602662902141635549,3
AAPL,122.36,1602662904307181909,0,247,60,2158,11,1602662904306814720,3
AAPL,122.36,1602662904307269139,0,359,240,2159,12,1602662904307253650,3
AAPL,122.36,1602662905535383759,0,360,441,2162,12,1602662905535361746,3
AAPL,122.37,1602662905536136283,0,361,1,2163,12,1602662905536119802,3
AAPL,122.37,1602662905536139069,0,362,2,2164,12,1602662905536119802,3
AAPL,122.38,1602662905537540348,0,248,50,2165,11,1602662905537173504,3
AAPL,122.4,1602662905537540474,0,249,6,2166,11,1602662905537173504,3
AAPL,122.36,1602662906381589165,0,363,1,2167,12,1602662906381573144,3
AAPL,122.37,1602662910599804462,0,364,1,2170,12,1602662910599788109,3
AAPL,122.37,1602662910885536793,0,365,11,2171,12,1602662910885520970,3
AAPL,122.4,1602662912626549212,0,250,126,2172,11,1602662912626183936,3
AAPL,122.38,1602662913678229544,0,366,1,2173,12,1602662913678211213,3
AAPL,122.4,1602662913678987561,0,367,7,2174,12,1602662913678971194,3
AAPL,122.42,1602662913680347433,0,251,100,2175,11,1602662913679977728,3
AAPL,122.42,1602662913680347599,0,252,150,2176,11,1602662913679977728,3
AAPL,122.45,1602662913697517584,0,368,240,2177,12,1602662913697502072,3
AAPL,122.48,1602662913698156694,0,369,2,2178,12,1602662913698142217,3
AAPL,122.45,1602662915597457706,0,253,6,2179,11,1602662915597088256,3
AAPL,122.48,1602662915597457952,0,254,66,2180,11,1602662915597088256,3
AAPL,122.49,1602662915597458202,0,255,28,2181,11,1602662915597088256,3
AAPL,122.4,1602662917494217827,0,370,1,2183,12,1602662917494201464,3
AAPL,122.41,1602662917904630334,0,371,1,2184,12,1602662917904615027,3
AAPL,122.4,1602662922069666064,0,372,1,2185,12,1602662922069650327,3
AAPL,122.43,1602662924410157337,0,373,7,2187,12,1602662924410141647,3
AAPL,122.48,1602662924841644787,0,256,200,2188,11,1602662924841280000,3
AAPL,122.46,1602662924872018823,0,374,1,2189,12,1602662924872003271,3
AAPL,122.46,1602662924901450277,0,375,1,2190,12,1602662924901434779,3
AAPL,122.48,1602662925287664098,0,257,200,2191,11,1602662925287300608,3
AAPL,122.48,1602662925840666878,0,258,200,2192,11,1602662925840302592,3
AAPL,122.48,1602662927945324514,0,259,400,2193,11,1602662927944956928,3
AAPL,122.49,1602662927945325213,0,260,272,2194,11,1602662927944956928,3
AAPL,122.48,1602662927945404241,0,376,44,2195,12,1602662927945384006,3
AAPL,122.49,1602662927945405601,0,377,10,2196,12,1602662927945384006,3
AAPL,122.5,1602662927945408374,0,378,5,2197,12,1602662927945384006,3
AAPL,122.5,1602662927945412449,0,379,4,2198,12,1602662927945384006,3
AAPL,122.5,1602662927945416652,0,380,200,2199,12,1602662927945384006,3
AAPL,122.5,1602662927945418329,0,381,125,2200,12,1602662927945384006,3
AAPL,122.5,1602662927945421510,0,382,60,2201,12,1602662927945384006,3
AAPL,122.5,1602662927945423166,0,383,10,2202,12,1602662927945384006,3
AAPL,122.5,1602662927946192537,0,261,370,2203,11,1602662927945829120,3
AAPL,122.5,1602662928804719417,0,262,630,2204,11,1602662928804350464,3
AAPL,122.5,1602662928804725212,0,263,1,2205,11,1602662928804350464,3
AAPL,122.5,1602662928804725442,0,264,50,2206,11,1602662928804350464,3
AAPL,122.5,1602662928804725628,0,265,45,2207,11,1602662928804350464,3
AAPL,122.5,1602662928804729511,0,266,474,2208,11,1602662928804350464,3
AAPL,122.5,1602662928967533255,0,267,26,2209,11,1602662928967165952,3
AAPL,122.53,1602662928967533392,0,268,300,2210,11,1602662928967165952,3
AAPL,122.55,1602662928984946720,0,384,1,2211,12,1602662928984930567,3
AAPL,122.56,1602662928985591250,0,385,73,2212,12,1602662928985576137,3
AAPL,122.51,1602662929680242346,0,386,600,2213,12,1602662929680225517,3
AAPL,122.45,1602662929853891412,0,387,1,2214,12,1602662929853875357,3
AAPL,122.46,1602662932021088114,0,388,1,2217,12,1602662932021072559,3
AAPL,122.46,1602662932830870512,0,389,1,2218,12,1602662932830854880,3
AAPL,122.5,1602662934776851817,0,390,100,2219,12,1602662934776834127,3
AAPL,122.5,1602662934776866647,0,391,300,2220,12,1602662934776851199,3
AAPL,122.48,1602662935250983820,0,392,1,2223,12,1602662935250968496,3
AAPL,122.5,1602662936115855076,0,393,100,2224,12,1602662936115839021,3
AAPL,122.5,1602662936217339411,0,394,100,2225,12,1602662936217324224,3
AAPL,122.5,1602662936217355472,0,395,100,2226,12,1602662936217340212,3
AAPL,122.48,1602662936224115494,0,396,1,2227,12,1602662936224100684,3
AAPL,122.5,1602662937308396653,0,397,100,2228,12,1602662937308380008,3
AAPL,122.5,1602662937308413445,0,398,200,2229,12,1602662937308395772,3
AAPL,122.51,1602662939142764172,0,399,1,2230,12,1602662939142747594,3
AAPL,122.51,1602662939303156309,0,400,1,2231,12,1602662939303140556,3
AAPL,122.51,1602662940751404933,0,401,1,2232,12,1602662940751387827,3
AAPL,122.51,1602662941411998924,0,402,47,2233,12,1602662941411982191,3
AAPL,122.5,1602662941412001437,0,403,253,2234,12,1602662941411982191,3
AAPL,122.5,1602662942536806531,0,404,1,2235,12,1602662942536790886,3
AAPL,122.57,1602662944522909230,0,405,135,2238,12,1602662944522890643,3
AAPL,122.5,1602662944522910978,0,406,100,2239,12,1602662944522890643,3
AAPL,122.49,1602662946949104297,0,407,1,2240,12,1602662946949088091,3
AAPL,122.5,1602662946977407559,0,408,20,2241,12,1602662946977391802,3
AAPL,122.49,1602662947375296751,0,409,1,2242,12,1602662947375281105,3
AAPL,122.5,1602662949659079748,0,410,50,2243,12,1602662949659064149,3
AAPL,122.49,1602662949746660260,0,411,1,2244,12,1602662949746644580,3
AAPL,122.5,1602662950941573506,0,412,100,2245,12,1602662950941557946,3
AAPL,122.5,1602662951109198373,0,413,1,2246,12,1602662951109182167,3
AAPL,122.5,1602662951109202385,0,414,4,2247,12,1602662951109182167,3
AAPL,122.49,1602662953092744045,0,415,8,2248,12,1602662953092728774,3
AAPL,122.5,1602662954201742556,0,416,35,2250,12,1602662954201725865,3
AAPL,122.49,1602662954591910842,0,417,1,2251,12,1602662954591893712,3
AAPL,122.49,1602662954867523052,0,418,1,2253,12,1602662954867507890,3
AAPL,122.49,1602662954968727663,0,419,87,2256,12,1602662954968709795,3
AAPL,122.49,1602662954968730499,0,420,5,2257,12,1602662954968709795,3
AAPL,122.48,1602662954968733290,0,421,18,2258,12,1602662954968709795,3
AAPL,122.48,1602662954968738993,0,422,4,2259,12,1602662954968709795,3
AAPL,122.47,1602662954968807794,0,423,286,2260,12,1602662954968793205,3
AAPL,122.5,1602662955142794743,0,424,15,2261,12,1602662955142779375,3
AAPL,122.47,1602662955801786648,0,425,134,2262,12,1602662955801770312,3
AAPL,122.45,1602662955801853808,0,426,20,2263,12,1602662955801838753,3
AAPL,122.45,1602662955801855606,0,427,20,2264,12,1602662955801838753,3
AAPL,122.45,1602662961756256352,0,428,80,2270,12,1602662961756240119,3
AAPL,122.45,1602662963300865018,0,429,800,2272,12,1602662963300849066,3
AAPL,122.47,1602662967969993970,0,269,5,2275,11,1602662967969629440,3
AAPL,122.42,1602662971529621050,0,430,40,2277,12,1602662971529605333,3
AAPL,122.42,1602662973430426880,0,431,139,2278,12,1602662973430411073,3
AAPL,122.46,1602662973430822853,0,270,65,2279,11,1602662973430458368,3
AAPL,122.47,1602662973430824862,0,271,21,2280,11,1602662973430458368,3
AAPL,122.42,1602662973792761568,0,432,80,2283,12,1602662973792744711,3
AAPL,122.4,1602662974050963098,0,433,98,2284,12,1602662974050946445,3
AAPL,122.4,1602662974050965501,0,434,20,2285,12,1602662974050946445,3
AAPL,122.39,1602662974402119498,0,435,100,2286,12,1602662974402103814,3
AAPL,122.37,1602662974756664741,0,436,100,2287,12,1602662974756648129,3
AAPL,122.37,1602662974756669017,0,437,1700,2288,12,1602662974756648129,3
AAPL,122.37,1602662975595168556,0,438,50,2289,12,1602662975595152230,3
AAPL,122.36,1602662975595915880,0,439,100,2290,12,1602662975595899912,3
AAPL,122.35,1602662975596580249,0,440,153,2291,12,1602662975596565618,3
AAPL,122.3,1602662975597192134,0,441,416,2292,12,1602662975597174292,3
AAPL,122.3,1602662975597194470,0,442,10,2293,12,1602662975597174292,3
AAPL,122.3,1602662975597199204,0,443,2,2294,12,1602662975597174292,3
AAPL,122.3,1602662975597199365,0,444,10,2295,12,1602662975597174292,3
AAPL,122.3,1602662975597216375,0,445,60,2296,12,1602662975597174292,3
AAPL,122.3,1602662975597216788,0,446,1,2297,12,1602662975597174292,3
AAPL,122.38,1602662975597910966,0,272,25,2298,11,1602662975597544448,3
AAPL,122.3,1602662975658561513,0,447,25,2299,12,1602662975658545044,3
AAPL,122.27,1602662975658564060,0,448,47,2300,12,1602662975658545044,3
AAPL,122.32,1602662975659304764,0,273,29,2301,11,1602662975658929664,3
AAPL,122.3,1602662975659304926,0,274,20,2302,11,1602662975658929664,3
AAPL,122.3,1602662975659305073,0,275,21,2303,11,1602662975658929664,3
AAPL,122.27,1602662975659305212,0,276,75,2304,11,1602662975658929664,3
AAPL,122.27,1602662975659313723,0,277,51,2305,11,1602662975658929664,3
AAPL,122.26,1602662975678049934,0,449,7,2306,12,1602662975678033427,3
AAPL,122.26,1602662975678052269,0,450,13,2307,12,1602662975678033427,3
AAPL,122.26,1602662975678437848,0,278,43,2308,11,1602662975678074624,3
AAPL,122.38,1602662978439465562,0,451,10,2311,12,1602662978439449651,3
AAPL,122.39,1602662979303651026,0,452,50,2312,12,1602662979303635636,3
AAPL,122.3,1602662981521683643,0,453,100,2314,12,1602662981521667885,3
AAPL,122.3,1602662981521696474,0,454,38,2315,12,1602662981521679719,3
AAPL,122.3,1602662981521699276,0,455,62,2316,12,1602662981521679719,3
AAPL,122.3,1602662982776213627,0,456,100,2317,12,1602662982776197898,3
AAPL,122.3,1602662983149873027,0,457,22,2318,12,1602662983149857564,3
AAPL,122.3,1602662983800452395,0,458,78,2320,12,1602662983800435972,3
AAPL,122.3,1602662983800455213,0,459,22,2321,12,1602662983800435972,3
AAPL,122.3,1602662984369251265,0,460,20,2323,12,1602662984369235820,3
AAPL,122.3,1602662984664100812,0,461,58,2324,12,1602662984664083727,3
AAPL,122.3,1602662984664103465,0,462,8,2325,12,1602662984664083727,3
AAPL,122.38,1602662987399716128,0,279,100,2332,11,1602662987399350528,3
AAPL,122.35,1602662994931146269,0,463,100,2344,12,1602662994931130388,3
AAPL,122.35,1602662996541599812,0,464,508,2345,12,1602662996541583164,3
AAPL,122.35,1602662996836259636,0,280,2,2346,11,1602662996835894016,3
AAPL,122.35,1602662996852670699,0,465,200,2347,12,1602662996852654935,3
AAPL,122.35,1602662997538275508,0,466,111,2348,12,1602662997538259453,3
AAPL,122.35,1602662997664603855,0,467,1100,2349,12,1602662997664588518,3
AAPL,122.36,1602662998211991024,0,468,68,2350,12,1602662998211973793,3
AAPL,122.35,1602662999191165792,0,469,81,2352,12,1602662999191146567,3
AAPL,122.31,1602662999191168536,0,470,34,2353,12,1602662999191146567,3
AAPL,122.31,1602662999191172292,0,471,100,2354,12,1602662999191146567,3
AAPL,122.3,1602662999191176699,0,472,13,2355,12,1602662999191146567,3
AAPL,122.3,1602662999191178633,0,473,772,2356,12,1602662999191146567,3
AAPL,122.33,1602663006612560181,0,474,2,2361,12,1602663006612542711,3
AAPL,122.3,1602663006612563001,0,475,28,2362,12,1602663006612542711,3
AAPL,122.3,1602663006612566211,0,476,1,2363,12,1602663006612542711,3
AAPL,122.3,1602663006612571125,0,477,9,2364,12,1602663006612542711,3
AAPL,122.35,1602663010169141706,0,281,5,2365,11,1602663010168772864,3
AAPL,122.33,1602663014687104949,0,478,2,2373,12,1602663014687088687,3
AAPL,122.33,1602663022312352357,0,282,30,2379,11,1602663022311985920,3
AAPL,122.35,1602663027821241269,0,283,30,2381,11,1602663027820876288,3
AAPL,122.33,1602663032839879289,0,479,10,2383,12,1602663032839862442,3
AAPL,122.3,1602663032839882099,0,480,31,2384,12,1602663032839862442,3
AAPL,122.3,1602663034202516833,0,481,100,2386,12,1602663034202500928,3
AAPL,122.3,1602663038093311802,0,482,8,2389,12,1602663038093296232,3
AAPL,122.35,1602663038094522678,0,284,42,2390,11,1602663038094155264,3
AAPL,122.28,1602663051568709160,0,483,3,2398,12,1602663051568691163,3
AAPL,122.29,1602663051568711094,0,484,5,2399,12,1602663051568691163,3
AAPL,122.33,1602663053834122916,0,485,15,2405,12,1602663053834107358,3
AAPL,122.33,1602663059206453585,0,486,77,2414,12,1602663059206437491,3
AAPL,122.33,1602663065812701565,0,487,20,2420,12,1602663065812685562,3
AAPL,122.3,1602663069848073441,0,488,11,2428,12,1602663069848057306,3
AAPL,122.3,1602663069951993881,0,489,10,2429,12,1602663069951978400,3
AAPL,122.31,1602663071299737172,0,490,100,2439,12,1602663071299721101,3
AAPL,122.33,1602663074743882760,0,285,200,2453,11,1602663074743515904,3
AAPL,122.32,1602663079334014982,0,491,50,2459,12,1602663079333999254,3
AAPL,122.33,1602663082804468384,0,492,10,2468,12,1602663082804452143,3
AAPL,122.31,1602663087936682163,0,493,16,2472,12,1602663087936664605,3
AAPL,122.31,1602663087936684790,0,494,30,2473,12,1602663087936664605,3
AAPL,122.3,1602663087936687929,0,495,9,2474,12,1602663087936664605,3
AAPL,122.3,1602663090814169996,0,496,26,2478,12,1602663090814153639,3
AAPL,122.3,1602663091449233070,0,497,62,2479,12,1602663091449217272,3
AAPL,122.33,1602663094120397766,0,498,37,2482,12,1602663094120380226,3
AAPL,122.35,1602663094120400106,0,499,1,2483,12,1602663094120380226,3
AAPL,122.35,1602663094120801467,0,286,23,2484,11,1602663094120431104,3
AAPL,122.35,1602663094120801634,0,287,14,2485,11,1602663094120431104,3
AAPL,122.35,1602663096270929264,0,288,50,2487,11,1602663096270565120,3
AAPL,122.32,1602663106301227850,0,500,5,2499,12,1602663106301211502,3
AAPL,122.31,1602663106301230404,0,501,5,2500,12,1602663106301211502,3
AAPL,122.33,1602663111627890675,0,502,8,2507,12,1602663111627874924,3
AAPL,122.34,1602663126828984794,0,503,102,2530,12,1602663126828967108,3
AAPL,122.32,1602663126828987611,0,504,102,2531,12,1602663126828967108,3
AAPL,122.31,1602663126828993390,0,505,76,2532,12,1602663126828967108,3
AAPL,122.31,1602663126828996275,0,506,100,2533,12,1602663126828967108,3
AAPL,122.3,1602663126844432961,0,507,27,2534,12,1602663126844414429,3
AAPL,122.3,1602663126844435365,0,508,20,2535,12,1602663126844414429,3
AAPL,122.3,1602663126844439438,0,509,20,2536,12,1602663126844414429,3
AAPL,122.28,1602663126844441700,0,510,50,2537,12,1602663126844414429,3
AAPL,122.27,1602663126857877808,0,511,20,2538,12,1602663126857861078,3
AAPL,122.26,1602663126857880520,0,512,5,2539,12,1602663126857861078,3
AAPL,122.25,1602663126857882512,0,513,310,2540,12,1602663126857861078,3
AAPL,122.35,1602663127070510606,0,289,1,2541,11,1602663127070145792,3
AAPL,122.35,1602663127196793146,0,290,16,2542,11,1602663127196430080,3
AAPL,122.38,1602663132533006038,0,514,300,2555,12,1602663132532990582,3
AAPL,122.38,1602663133218323995,0,515,89,2556,12,1602663133218307985,3
AAPL,122.36,1602663133733888388,0,291,100,2559,11,1602663133733522432,3
AAPL,122.4,1602663134927967335,0,292,100,2562,11,1602663134927601920,3
AAPL,122.36,1602663135566841182,0,293,100,2565,11,1602663135566476800,3
AAPL,122.4,1602663135587430601,0,294,189,2566,11,1602663135587066624,3
AAPL,122.37,1602663137224420112,0,295,70,2567,11,1602663137224055040,3
AAPL,122.46,1602663144973544636,0,296,8,2578,11,1602663144973177600,3
AAPL,122.41,1602663148275529303,0,516,45,2587,12,1602663148275512049,3
AAPL,122.45,1602663151875201661,0,517,100,2595,12,1602663151875184229,3
AAPL,122.41,1602663156541760954,0,518,100,2608,12,1602663156541745041,3
AAPL,122.4,1602663165428996336,0,297,5,2619,11,1602663165428631552,3
AAPL,122.4,1602663165429000490,0,298,95,2620,11,1602663165428631552,3
AAPL,122.41,1602663165429031384,0,519,355,2621,12,1602663165429014742,3
AAPL,122.4,1602663165429034189,0,520,100,2622,12,1602663165429014742,3
AAPL,122.4,1602663165455898588,0,521,5,2623,12,1602663165455883183,3
AAPL,122.4,1602663168786165484,0,522,440,2628,12,1602663168786148900,3
AAPL,122.4,1602663169533800538,0,523,42,2629,12,1602663169533784856,3
AAPL,122.43,1602663171665029591,0,524,200,2630,12,1602663171665013782,3
AAPL,122.46,1602663176826991278,0,525,2,2634,12,1602663176826975130,3
AAPL,122.41,1602663177123978527,0,526,5,2635,12,1602663177123962818,3
AAPL,122.41,1602663178966302937,0,527,83,2637,12,1602663178966287361,3
AAPL,122.4,1602663180739324649,0,528,64,2642,12,1602663180739308675,3
AAPL,122.41,1602663180985610547,0,529,200,2643,12,1602663180985594538,3
AAPL,122.41,1602663181190153449,0,530,30,2644,12,1602663181190137630,3
AAPL,122.41,1602663181558505130,0,531,200,2645,12,1602663181558489357,3
AAPL,122.41,1602663182292555680,0,532,200,2646,12,1602663182292540090,3
AAPL,122.41,1602663182863683154,0,533,200,2647,12,1602663182863666796,3
AAPL,122.41,1602663183521972525,0,534,100,2648,12,1602663183521956942,3
AAPL,122.4,1602663183848182382,0,535,25,2649,12,1602663183848166873,3
AAPL,122.41,1602663183889534428,0,536,300,2651,12,1602663183889518943,3
AAPL,122.41,1602663185184377292,0,537,300,2652,12,1602663185184361321,3
AAPL,122.41,1602663186834075901,0,538,100,2653,12,1602663186834058809,3
AAPL,122.4,1602663194858075630,0,539,130,2660,12,1602663194858059568,3
AAPL,122.41,1602663199744799092,0,299,50,2661,11,1602663199744432640,3
AAPL,122.4,1602663203226517398,0,540,115,2663,12,1602663203226501065,3
AAPL,122.41,1602663203226917701,0,300,50,2664,11,1602663203226552064,3
AAPL,122.41,1602663203226919650,0,301,57,2665,11,1602663203226552064,3
AAPL,122.41,1602663204517266978,0,541,70,2666,12,1602663204517251176,3
AAPL,122.4,1602663210187891310,0,542,100,2667,12,1602663210187875331,3
AAPL,122.4,1602663211049956482,0,543,1650,2669,12,1602663211049940885,3
AAPL,122.42,1602663211285572039,0,302,200,2670,11,1602663211285207040,3
AAPL,122.4,1602663211777460940,0,544,1986,2672,12,1602663211777445326,3
AAPL,122.4,1602663212143645671,0,545,159,2674,12,1602663212143628219,3
AAPL,122.4,1602663212233892624,0,546,131,2675,12,1602663212233876710,3
AAPL,122.4,1602663212234083215,0,547,158,2676,12,1602663212234067185,3
AAPL,122.4,1602663212234085957,0,548,20,2677,12,1602663212234067185,3
AAPL,122.4,1602663212234089017,0,549,20,2678,12,1602663212234067185,3
AAPL,122.38,1602663212234741012,0,550,50,2679,12,1602663212234725730,3
AAPL,122.38,1602663212234743284,0,551,1,2680,12,1602663212234725730,3
AAPL,122.35,1602663212235356414,0,552,5,2681,12,1602663212235341670,3
AAPL,122.31,1602663212235951170,0,553,60,2682,12,1602663212235936302,3
AAPL,122.3,1602663212236545025,0,554,55,2683,12,1602663212236530747,3
AAPL,122.4,1602663212236662737,0,303,20,2684,11,1602663212236298752,3
AAPL,122.4,1602663215882311698,0,555,2,2685,12,1602663215882296179,3
AAPL,122.38,1602663221142725410,0,556,10,2688,12,1602663221142708760,3
AAPL,122.38,1602663221899393098,0,557,30,2689,12,1602663221899377323,3
AAPL,122.37,1602663226658287669,0,558,6,2694,12,1602663226658272381,3
AAPL,122.37,1602663227069646473,0,559,1,2695,12,1602663227069631068,3
AAPL,122.37,1602663228641860407,0,560,20,2704,12,1602663228641842707,3
AAPL,122.37,1602663235155286872,0,561,1,2711,12,1602663235155271404,3
AAPL,122.35,1602663243592422885,0,562,8,2727,12,1602663243592404829,3
AAPL,122.37,1602663243592425454,0,563,1,2728,12,1602663243592404829,3
AAPL,122.37,1602663243592428548,0,564,73,2729,12,1602663243592404829,3
AAPL,122.37,1602663243592434601,0,565,19,2730,12,1602663243592404829,3
AAPL,122.37,1602663244948546585,0,566,81,2732,12,1602663244948529647,3
AAPL,122.38,1602663244948549511,0,567,200,2733,12,1602663244948529647,3
AAPL,122.39,1602663244961039911,0,568,58,2734,12,1602663244961021537,3
AAPL,122.4,1602663244961043999,0,569,165,2735,12,1602663244961021537,3
AAPL,122.4,1602663244961045931,0,570,8,2736,12,1602663244961021537,3
AAPL,122.4,1602663244961049379,0,571,10,2737,12,1602663244961021537,3
AAPL,122.4,1602663244961052412,0,572,1487,2738,12,1602663244961021537,3
AAPL,122.39,1602663245076025702,0,573,1,2739,12,1602663245076009684,3
AAPL,122.37,1602663248893929652,0,574,80,2741,12,1602663248893913891,3
AAPL,122.37,1602663248906086930,0,575,17,2742,12,1602663248906071312,3
AAPL,122.37,1602663251741571724,0,576,3,2744,12,1602663251741555322,3
AAPL,122.38,1602663251849235449,0,577,9,2745,12,1602663251849220111,3
AAPL,122.38,1602663255367863571,0,578,51,2751,12,1602663255367847402,3
AAPL,122.38,1602663257170367833,0,579,298,2754,12,1602663257170350426,3
AAPL,122.38,1602663259801571023,0,304,194,2755,11,1602663259801204992,3
AAPL,122.4,1602663259816441717,0,580,6,2756,12,1602663259816425813,3
AAPL,122.38,1602663260299211766,0,581,10,2757,12,1602663260299196009,3
AAPL,122.4,1602663262146971821,0,582,45,2759,12,1602663262146955443,3
AAPL,122.4,1602663262147348836,0,305,5,2760,11,1602663262146983680,3
AAPL,122.38,1602663262611313551,0,583,10,2765,12,1602663262611297863,3
AAPL,122.39,1602663263145281863,0,584,4,2767,12,1602663263145265910,3
AAPL,122.39,1602663263679875099,0,585,400,2768,12,1602663263679859056,3
AAPL,122.4,1602663264359988846,0,586,76,2769,12,1602663264359973516,3
AAPL,122.38,1602663268851930328,0,587,1,2770,12,1602663268851912263,3
AAPL,122.38,1602663277294829522,0,588,5,2773,12,1602663277294812832,3
AAPL,122.38,1602663280636445088,0,589,60,2779,12,1602663280636429371,3
AAPL,122.38,1602663282767415745,0,590,5,2798,12,1602663282767400228,3
AAPL,122.38,1602663283070779510,0,591,29,2799,12,1602663283070763355,3
AAPL,122.38,1602663291050929684,0,592,100,2806,12,1602663291050912524,3
AAPL,122.38,1602663299960078999,0,593,10,2809,12,1602663299960062583,3
AAPL,122.39,1602663299960081413,0,594,30,2810,12,1602663299960062583,3
AAPL,122.37,1602663307642860424,0,306,2,2818,11,1602663307642494464,3
AAPL,122.38,1602663307869564736,0,595,2,2819,12,1602663307869549378,3
AAPL,122.38,1602663312712931576,0,596,23,2820,12,1602663312712913658,3
AAPL,122.38,1602663322518030224,0,597,75,2832,12,1602663322518012928,3
AAPL,122.38,1602663322518032687,0,598,1,2833,12,1602663322518012928,3
AAPL,122.38,1602663322518041672,0,599,24,2834,12,1602663322518012928,3
AAPL,122.39,1602663322904208532,0,600,20,2835,12,1602663322904191866,3
AAPL,122.39,1602663325236059511,0,307,1,2841,11,1602663325235694080,3
AAPL,122.38,1602663325921642783,0,601,22,2842,12,1602663325921627062,3
AAPL,122.37,1602663325922036893,0,308,2,2843,11,1602663325921672448,3
AAPL,122.37,1602663330942034376,0,309,96,2845,11,1602663330941668096,3
AAPL,122.37,1602663330942034546,0,310,20,2846,11,1602663330941668096,3
AAPL,122.38,1602663335412549911,0,602,20,2848,12,1602663335412532833,3
AAPL,122.38,1602663335412552515,0,603,33,2849,12,1602663335412532833,3
AAPL,122.33,1602663335759404309,0,311,6,2850,11,1602663335759039488,3
AAPL,122.33,1602663336443975324,0,312,199,2852,11,1602663336443610112,3
AAPL,122.31,1602663336456738008,0,313,164,2853,11,1602663336456372992,3
AAPL,122.31,1602663336465335895,0,314,14,2854,11,1602663336464973056,3
AAPL,122.33,1602663336477476298,0,604,60,2855,12,1602663336477459348,3
AAPL,122.32,1602663336477478882,0,605,10,2856,12,1602663336477459348,3
AAPL,122.3,1602663336477482236,0,606,53,2857,12,1602663336477459348,3
AAPL,122.34,1602663348501222458,0,607,2,2862,12,1602663348501206364,3
AAPL,122.37,1602663349383457478,0,315,24,2863,11,1602663349383090176,3
AAPL,122.27,1602663350457678707,0,316,100,2864,11,1602663350457313280,3
AAPL,122.37,1602663354695518127,0,608,50,2865,12,1602663354695502117,3
AAPL,122.3,1602663359220153419,0,609,8,2866,12,1602663359220137813,3
AAPL,122.37,1602663363914234539,0,610,50,2868,12,1602663363914216281,3
AAPL,122.37,1602663363914633480,0,317,100,2869,11,1602663363914267904,3
AAPL,122.31,1602663369663110094,0,611,24,2872,12,1602663369663092531,3
AAPL,122.3,1602663369663114291,0,612,7,2873,12,1602663369663092531,3
AAPL,122.3,1602663369663115644,0,613,169,2874,12,1602663369663092531,3
AAPL,122.38,1602663374317835055,0,318,100,2878,11,1602663374317469440,3
AAPL,122.3,1602663378155073614,0,614,131,2879,12,1602663378155057668,3
AAPL,122.3,1602663378159145427,0,615,8,2880,12,1602663378159128097,3
AAPL,122.3,1602663378752009559,0,616,10,2881,12,1602663378751994269,3
AAPL,122.3,1602663379639751517,0,617,60,2882,12,1602663379639735732,3
AAPL,122.28,1602663380780027556,0,618,50,2883,12,1602663380780011323,3
AAPL,122.28,1602663384534343238,0,619,40,2887,12,1602663384534327482,3
AAPL,122.26,1602663386102261175,0,620,56,2888,12,1602663386102243089,3
AAPL,122.26,1602663386102263970,0,621,100,2889,12,1602663386102243089,3
AAPL,122.26,1602663387500828991,0,622,8,2892,12,1602663387500812976,3
AAPL,122.26,1602663388961634898,0,623,1,2893,12,1602663388961618948,3
AAPL,122.26,1602663390490554417,0,624,214,2894,12,1602663390490537778,3
AAPL,122.28,1602663390508203704,0,625,12,2895,12,1602663390508186658,3
AAPL,122.3,1602663390508206344,0,626,72,2896,12,1602663390508186658,3
AAPL,122.28,1602663395576615565,0,627,100,2911,12,1602663395576597451,3
AAPL,122.26,1602663395595468886,0,319,100,2912,11,1602663395595100928,3
AAPL,122.26,1602663395728307473,0,628,1,2913,12,1602663395728291124,3
AAPL,122.26,1602663396920410969,0,629,47,2914,12,1602663396920395155,3
AAPL,122.25,1602663397493741736,0,630,612,2915,12,1602663397493725755,3
AAPL,122.25,1602663397513537066,0,631,200,2916,12,1602663397513521496,3
AAPL,122.25,1602663398259459457,0,632,100,2917,12,1602663398259443600,3
AAPL,122.25,1602663398555430392,0,320,100,2918,11,1602663398555062272,3
AAPL,122.25,1602663398555433544,0,321,100,2919,11,1602663398555062272,3
AAPL,122.25,1602663398555433694,0,322,41,2920,11,1602663398555062272,3
AAPL,122.25,1602663398555522034,0,633,59,2921,12,1602663398555506820,3
AAPL,122.25,1602663399353339720,0,634,100,2922,12,1602663399353323968,3
AAPL,122.25,1602663399472455043,0,635,100,2923,12,1602663399472439352,3
AAPL,122.25,1602663399778274313,0,636,200,2924,12,1602663399778258540,3
AAPL,122.25,1602663400025368780,0,637,18,2925,12,1602663400025351037,3
AAPL,122.25,1602663400025372071,0,638,19,2926,12,1602663400025351037,3
AAPL,122.25,1602663400025379375,0,639,50,2927,12,1602663400025351037,3
AAPL,122.25,1602663400025380152,0,640,113,2928,12,1602663400025351037,3
AAPL,122.25,1602663403929024720,0,641,87,2929,12,1602663403929008167,3
AAPL,122.25,1602663405175099822,0,642,5,2930,12,1602663405175083675,3
AAPL,122.25,1602663406625226663,0,643,10,2931,12,1602663406625210903,3
AAPL,122.22,1602663410033394830,0,644,10,2933,12,1602663410033379249,3
AAPL,122.22,1602663411628892919,0,645,2,2935,12,1602663411628876534,3
AAPL,122.25,1602663413516242961,0,646,20,2936,12,1602663413516227144,3
AAPL,122.2,1602663414531624198,0,647,1,2939,12,1602663414531608294,3
AAPL,122.2,1602663414616435673,0,648,6,2940,12,1602663414616419104,3
AAPL,122.2,1602663414616438336,0,649,394,2941,12,1602663414616419104,3
AAPL,122.2,1602663419699059111,0,650,48,2948,12,1602663419699043643,3
AAPL,122.21,1602663422654708329,0,651,100,2951,12,1602663422654692501,3
AAPL,122.21,1602663425766081410,0,652,20,2953,12,1602663425766064805,3
AAPL,122.2,1602663425766084310,0,653,180,2954,12,1602663425766064805,3
AAPL,122.2,1602663425766098690,0,654,200,2955,12,1602663425766083220,3
AAPL,122.2,1602663425766214668,0,655,160,2956,12,1602663425766199854,3
AAPL,122.22,1602663430902549260,0,323,60,2960,11,1602663430902183936,3
AAPL,122.22,1602663431922481306,0,324,30,2961,11,1602663431922113792,3
AAPL,122.21,1602663436202866055,0,656,3,2962,12,1602663436202850278,3
AAPL,122.22,1602663436203273190,0,325,10,2963,11,1602663436202905600,3
AAPL,122.21,1602663436203273328,0,326,112,2964,11,1602663436202905600,3
AAPL,122.21,1602663439619948145,0,327,10,2965,11,1602663439619582464,3
AAPL,122.24,1602663440319537689,0,328,25,2966,11,1602663440319172352,3
AAPL,122.22,1602663441284655541,0,329,200,2967,11,1602663441284288000,3
AAPL,122.21,1602663441284657414,0,330,178,2968,11,1602663441284288000,3
AAPL,122.2,1602663441302850030,0,657,218,2969,12,1602663441302831946,3
AAPL,122.2,1602663441302854267,0,658,100,2970,12,1602663441302831946,3
AAPL,122.2,1602663441302857584,0,659,50,2971,12,1602663441302831946,3
AAPL,122.2,1602663441303239192,0,331,300,2972,11,1602663441302874624,3
AAPL,122.2,1602663441331197658,0,660,30,2973,12,1602663441331182461,3
AAPL,122.2,1602663441565890772,0,661,8,2974,12,1602663441565875097,3
AAPL,122.2,1602663442375376100,0,662,100,2975,12,1602663442375360817,3
AAPL,122.2,1602663442430386378,0,663,100,2976,12,1602663442430370437,3
AAPL,122.19,1602663452806232555,0,664,100,2979,12,1602663452806216736,3
AAPL,122.2,1602663452806235394,0,665,1688,2980,12,1602663452806216736,3
AAPL,122.2,1602663453572900586,0,332,100,2981,11,1602663453572535552,3
AAPL,122.2,1602663453659160236,0,333,8,2982,11,1602663453658795264,3
AAPL,122.2,1602663454192382686,0,666,35,2983,12,1602663454192367065,3
AAPL,122.2,1602663455002226118,0,667,25,2985,12,1602663455002210194,3
AAPL,122.18,1602663460550561448,0,668,8,2987,12,1602663460550545418,3
AAPL,122.18,1602663463849906720,0,669,1,2988,12,1602663463849888000,3
AAPL,122.15,1602663463849907609,0,670,99,2989,12,1602663463849888000,3
AAPL,122.15,1602663469561796451,0,671,58,2993,12,1602663469561779727,3
AAPL,122.14,1602663471894512703,0,672,1,2995,12,1602663471894496527,3
AAPL,122.13,1602663472198935988,0,673,1,2996,12,1602663472198920872,3
AAPL,122.12,1602663484195126535,0,674,7,3008,12,1602663484195110468,3
AAPL,122.12,1602663485052266809,0,675,2,3009,12,1602663485052250859,3
AAPL,122.1,1602663490701425043,0,676,6,3013,12,1602663490701409507,3
AAPL,122.1,1602663495830614745,0,677,27,3016,12,1602663495830598823,3
AAPL,122.12,1602663495831466114,0,334,17,3017,11,1602663495831100672,3
AAPL,122.12,1602663496112701404,0,335,11,3018,11,1602663496112338176,3
AAPL,122.12,1602663497246240151,0,678,5,3020,12,1602663497246224198,3
AAPL,122.05,1602663500807909873,0,679,5,3021,12,1602663500807893094,3
AAPL,122.05,1602663500807913942,0,680,1,3022,12,1602663500807893094,3
AAPL,122.05,1602663500807915578,0,681,3,3023,12,1602663500807893094,3
AAPL,122.1,1602663505648300855,0,336,5,3025,11,1602663505647932416,3
AAPL,122.07,1602663505648301062,0,337,10,3026,11,1602663505647932416,3
AAPL,122.05,1602663505773797617,0,338,57,3027,11,1602663505773433088,3
AAPL,122.12,1602663506727235344,0,682,11,3028,12,1602663506727218583,3
AAPL,122.13,1602663506727238012,0,683,7,3029,12,1602663506727218583,3
AAPL,122.17,1602663506727241275,0,684,82,3030,12,1602663506727218583,3
AAPL,122.16,1602663509265159888,0,339,7,3031,11,1602663509264794368,3
AAPL,122.05,1602663510172005272,0,685,1,3032,12,1602663510171988027,3
AAPL,122.14,1602663514051653835,0,340,100,3034,11,1602663514051289856,3
AAPL,122.14,1602663514896136945,0,341,3,3035,11,1602663514895773696,3
AAPL,122.06,1602663537161974490,0,686,20,3054,12,1602663537161958217,3
AAPL,122.06,1602663538864873655,0,687,1,3055,12,1602663538864857445,3
AAPL,122.06,1602663538864876426,0,688,199,3056,12,1602663538864857445,3
AAPL,122.07,1602663544024409750,0,689,80,3070,12,1602663544024391028,3
AAPL,122.07,1602663544540337213,0,690,1,3071,12,1602663544540321730,3
AAPL,122.06,1602663551212863559,0,691,5,3086,12,1602663551212845912,3
AAPL,122.05,1602663551212866125,0,692,5,3087,12,1602663551212845912,3
AAPL,122.05,1602663551212868740,0,693,90,3088,12,1602663551212845912,3
AAPL,122.05,1602663551650285400,0,342,5,3090,11,1602663551649916672,3
AAPL,122.05,1602663551650287593,0,343,1,3091,11,1602663551649916672,3
AAPL,122.05,1602663551650287786,0,344,194,3092,11,1602663551649916672,3
AAPL,122.05,1602663552754581307,0,345,200,3093,11,1602663552754215936,3
AAPL,122.05,1602663555063919488,0,694,60,3095,12,1602663555063901588,3
AAPL,122.05,1602663555063922106,0,695,15,3096,12,1602663555063901588,3
AAPL,122.03,1602663555063924695,0,696,28,3097,12,1602663555063901588,3
AAPL,122.02,1602663555078199634,0,697,150,3098,12,1602663555078183601,3
AAPL,122.01,1602663555090967143,0,698,20,3099,12,1602663555090947747,3
AAPL,122.01,1602663555090969012,0,699,50,3100,12,1602663555090947747,3
AAPL,122.01,1602663555090970803,0,700,83,3101,12,1602663555090947747,3
AAPL,122.0,1602663555101887389,0,701,14,3102,12,1602663555101872084,3
AAPL,122.0,1602663559730371290,0,702,36,3107,12,1602663559730353112,3
AAPL,122.0,1602663559730375452,0,703,2,3108,12,1602663559730353112,3
AAPL,122.0,1602663559730377395,0,704,300,3109,12,1602663559730353112,3
AAPL,122.0,1602663559730380810,0,705,162,3110,12,1602663559730353112,3
AAPL,122.02,1602663562090667705,0,706,10,3115,12,1602663562090651766,3
AAPL,122.02,1602663562386780689,0,707,8,3116,12,1602663562386764690,3
AAPL,122.0,1602663566413343027,0,708,10,3117,12,1602663566413326818,3
AAPL,122.0,1602663567812620188,0,709,10,3118,12,1602663567812602885,3
AAPL,122.01,1602663569603431828,0,710,91,3121,12,1602663569603415496,3
AAPL,122.01,1602663571666874550,0,711,110,3122,12,1602663571666859221,3
AAPL,122.01,1602663574198728537,0,712,18,3124,12,1602663574198713110,3
AAPL,122.01,1602663574985235685,0,713,10,3125,12,1602663574985220648,3
AAPL,122.01,1602663575559826301,0,714,60,3127,12,1602663575559810593,3
AAPL,122.01,1602663575573396347,0,715,111,3128,12,1602663575573380321,3
AAPL,122.0,1602663575573400092,0,716,89,3129,12,1602663575573380321,3
AAPL,122.02,1602663575673762813,0,717,70,3130,12,1602663575673747092,3
AAPL,122.01,1602663576410564101,0,346,100,3131,11,1602663576410196992,3
AAPL,122.02,1602663579282105975,0,718,72,3134,12,1602663579282089006,3
AAPL,122.02,1602663579282108556,0,719,25,3135,12,1602663579282089006,3
AAPL,122.02,1602663579313213522,0,720,75,3136,12,1602663579313197985,3
AAPL,122.03,1602663579393004749,0,721,45,3137,12,1602663579392989331,3
AAPL,122.02,1602663581915467044,0,722,20,3139,12,1602663581915451140,3
AAPL,122.03,1602663584506871070,0,723,22,3142,12,1602663584506853092,3
AAPL,122.02,1602663588511348180,0,724,10,3148,12,1602663588511332234,3
AAPL,122.02,1602663588755413154,0,725,18,3149,12,1602663588755396506,3
AAPL,122.02,1602663588755415534,0,726,2,3150,12,1602663588755396506,3
AAPL,122.05,1602663596369307867,0,727,4,3155,12,1602663596369290878,3
AAPL,122.02,1602663596369310787,0,728,27,3156,12,1602663596369290878,3
AAPL,122.02,1602663602358558347,0,729,11,3159,12,1602663602358542897,3
AAPL,122.04,1602663602994561382,0,347,25,3162,11,1602663602994196224,3
AAPL,122.05,1602663604465701120,0,730,4,3163,12,1602663604465685312,3
AAPL,122.05,1602663605070571696,0,731,50,3164,12,1602663605070555462,3
AAPL,122.05,1602663610291389639,0,732,26,3168,12,1602663610291373802,3
AAPL,122.09,1602663610662624701,0,348,100,3169,11,1602663610662259200,3
AAPL,122.01,1602663611640227803,0,733,50,3170,12,1602663611640211638,3
AAPL,122.01,1602663611648096615,0,734,2,3171,12,1602663611648081251,3
AAPL,122.0,1602663614628420455,0,735,1,3174,12,1602663614628404247,3
AAPL,122.01,1602663618633311519,0,736,42,3177,12,1602663618633294478,3
AAPL,122.01,1602663618633314120,0,737,40,3178,12,1602663618633294478,3
AAPL,122.03,1602663619556348977,0,738,200,3179,12,1602663619556333283,3
AAPL,122.03,1602663621273920142,0,739,218,3189,12,1602663621273903791,3
AAPL,122.01,1602663621882068203,0,740,22,3190,12,1602663621882052027,3
AAPL,122.01,1602663621997255935,0,741,2,3191,12,1602663621997240300,3
AAPL,122.01,1602663622142118516,0,742,2,3192,12,1602663622142103321,3
AAPL,122.01,1602663622208933796,0,743,3,3193,12,1602663622208917693,3
AAPL,122.01,1602663622313119238,0,744,10,3194,12,1602663622313103601,3
AAPL,122.01,1602663623890179990,0,745,50,3195,12,1602663623890164276,3
AAPL,122.0,1602663624221921529,0,746,228,3196,12,1602663624221902955,3
AAPL,122.0,1602663624221924225,0,747,20,3197,12,1602663624221902955,3
AAPL,122.0,1602663624221928668,0,748,12,3198,12,1602663624221902955,3
AAPL,122.0,1602663624221930343,0,749,50,3199,12,1602663624221902955,3
AAPL,122.0,1602663624221935041,0,750,78,3200,12,1602663624221902955,3
AAPL,122.0,1602663624221938194,0,751,50,3201,12,1602663624221902955,3
AAPL,122.0,1602663624221939992,0,752,100,3202,12,1602663624221902955,3
AAPL,122.0,1602663624221941799,0,753,2,3203,12,1602663624221902955,3
AAPL,122.0,1602663624221953486,0,754,20,3204,12,1602663624221902955,3
AAPL,122.0,1602663624221953652,0,755,13,3205,12,1602663624221902955,3
AAPL,122.0,1602663624221957895,0,756,328,3206,12,1602663624221902955,3
AAPL,122.0,1602663624221958051,0,757,5,3207,12,1602663624221902955,3
AAPL,122.0,1602663624221963110,0,758,2,3208,12,1602663624221902955,3
AAPL,122.0,1602663624221963394,0,759,15,3209,12,1602663624221902955,3
AAPL,122.0,1602663624221966378,0,760,40,3210,12,1602663624221902955,3
AAPL,122.0,1602663624222509569,0,349,27,3211,11,1602663624222143232,3
AAPL,122.0,1602663624222511559,0,350,10,3212,11,1602663624222143232,3
AAPL,122.0,1602663624696784644,0,351,40,3214,11,1602663624696417536,3
AAPL,122.0,1602663624696787648,0,352,20,3215,11,1602663624696417536,3
AAPL,122.0,1602663624696787805,0,353,140,3216,11,1602663624696417536,3
AAPL,122.0,1602663625285515631,0,761,60,3217,12,1602663625285499940,3
AAPL,121.9,1602663625290104896,0,354,74,3218,11,1602663625289739776,3
AAPL,121.9,1602663626352986917,0,355,26,3220,11,1602663626352621568,3
AAPL,121.92,1602663629343741872,0,762,2,3224,12,1602663629343726701,3
AAPL,121.92,1602663630790262518,0,763,55,3225,12,1602663630790246244,3
AAPL,121.98,1602663630790265048,0,764,45,3226,12,1602663630790246244,3
AAPL,121.98,1602663633621338553,0,765,9,3230,12,1602663633621322850,3
AAPL,121.9,1602663634810546284,0,766,4,3231,12,1602663634810529866,3
AAPL,121.91,1602663647079695202,0,356,10,3241,11,1602663647079329536,3
AAPL,121.91,1602663653764430838,0,357,90,3245,11,1602663653764064000,3
AAPL,121.91,1602663653764430966,0,358,102,3246,11,1602663653764064000,3
AAPL,121.91,1602663653781242019,0,767,8,3247,12,1602663653781222829,3
AAPL,121.9,1602663653781245558,0,768,6,3248,12,1602663653781222829,3
AAPL,121.9,1602663653781247893,0,769,2,3249,12,1602663653781222829,3
AAPL,121.9,1602663653781251540,0,770,100,3250,12,1602663653781222829,3
AAPL,121.9,1602663653781256134,0,771,30,3251,12,1602663653781222829,3
AAPL,121.9,1602663654308181838,0,772,2,3252,12,1602663654308164939,3
AAPL,121.86,1602663654719309680,0,359,25,3253,11,1602663654718944768,3
AAPL,121.9,1602663655965613306,0,360,2,3254,11,1602663655965249536,3
AAPL,121.9,1602663661088158381,0,773,82,3259,12,1602663661088142070,3
AAPL,121.9,1602663661088161280,0,774,599,3260,12,1602663661088142070,3
AAPL,121.89,1602663664854792997,0,361,547,3261,11,1602663664854425344,3
AAPL,121.9,1602663664854794926,0,362,38,3262,11,1602663664854425344,3
AAPL,121.9,1602663664854890400,0,775,278,3263,12,1602663664854872207,3
AAPL,121.9,1602663664854893230,0,776,50,3264,12,1602663664854872207,3
AAPL,121.9,1602663664854896519,0,777,34,3265,12,1602663664854872207,3
AAPL,121.9,1602663664854901287,0,778,1006,3266,12,1602663664854872207,3
AAPL,121.9,1602663665855796563,0,779,524,3267,12,1602663665855779291,3
AAPL,121.9,1602663665855799178,0,780,153,3268,12,1602663665855779291,3
AAPL,121.9,1602663665858960107,0,363,10,3269,11,1602663665858593024,3
AAPL,121.9,1602663665859297804,0,364,515,3270,11,1602663665858933504,3
AAPL,121.98,1602663665875888651,0,781,46,3271,12,1602663665875869592,3
AAPL,121.99,1602663665875891318,0,782,83,3272,12,1602663665875869592,3
AAPL,121.99,1602663665875894082,0,783,100,3273,12,1602663665875869592,3
AAPL,122.0,1602663665875896996,0,784,30,3274,12,1602663665875869592,3
AAPL,122.0,1602663665875899405,0,785,719,3275,12,1602663665875869592,3
AAPL,122.0,1602663665875903935,0,786,50,3276,12,1602663665875869592,3
AAPL,121.92,1602663665876384993,0,365,32,3277,11,1602663665876017920,3
AAPL,121.98,1602663665876385161,0,366,68,3278,11,1602663665876017920,3
AAPL,122.0,1602663665887096520,0,787,51,3279,12,1602663665887080978,3
AAPL,121.98,1602663665900234599,0,367,32,3280,11,1602663665899861760,3
AAPL,121.99,1602663665900234767,0,368,85,3281,11,1602663665899861760,3
AAPL,122.0,1602663665900234924,0,369,60,3282,11,1602663665899861760,3
AAPL,122.0,1602663665900235140,0,370,31,3283,11,1602663665899861760,3
AAPL,122.01,1602663666106581224,0,371,7,3284,11,1602663666106216960,3
AAPL,122.01,1602663666180138620,0,372,50,3285,11,1602663666179773696,3
AAPL,122.0,1602663666365384785,0,788,1597,3286,12,1602663666365368886,3
AAPL,122.0,1602663669741290184,0,789,33,3287,12,1602663669741274241,3
AAPL,122.0,1602663671745991553,0,790,6,3288,12,1602663671745976542,3
AAPL,122.01,1602663674534297838,0,373,44,3290,11,1602663674533932544,3
AAPL,122.01,1602663675767877520,0,791,10,3293,12,1602663675767861968,3
AAPL,122.01,1602663683625200084,0,792,290,3295,12,1602663683625183353,3
AAPL,122.0,1602663683625202911,0,793,1710,3296,12,1602663683625183353,3
AAPL,122.02,1602663693867802127,0,374,17,3298,11,1602663693867425792,3
AAPL,122.01,1602663693867802311,0,375,72,3299,11,1602663693867425792,3
AAPL,122.0,1602663693867802471,0,376,100,3300,11,1602663693867425792,3
AAPL,122.0,1602663693867802591,0,377,50,3301,11,1602663693867425792,3
AAPL,122.0,1602663693867817379,0,378,200,3302,11,1602663693867425792,3
AAPL,122.0,1602663693867819881,0,379,5,3303,11,1602663693867425792,3
AAPL,122.0,1602663693867887608,0,794,256,3304,12,1602663693867871558,3
AAPL,122.0,1602663694901953761,0,795,300,3305,12,1602663694901938375,3
AAPL,122.0,1602663698789760952,0,796,24,3306,12,1602663698789744613,3
AAPL,122.07,1602663699711650089,0,797,8,3307,12,1602663699711634084,3
AAPL,122.07,1602663700742949039,0,798,100,3308,12,1602663700742933012,3
AAPL,122.0,1602663701398230686,0,799,66,3309,12,1602663701398215194,3
AAPL,122.07,1602663709448694709,0,800,241,3315,12,1602663709448678646,3
AAPL,122.07,1602663711368049019,0,801,16,3317,12,1602663711368032893,3
AAPL,122.01,1602663712392892881,0,380,5,3318,11,1602663712392526592,3
AAPL,122.07,1602663715347649549,0,802,1,3319,12,1602663715347634176,3
AAPL,122.02,1602663717365980435,0,381,3,3321,11,1602663717365615360,3
AAPL,122.08,1602663724536117860,0,382,52,3326,11,1602663724535751936,3
AAPL,122.07,1602663726714190353,0,803,59,3327,12,1602663726714173238,3
AAPL,122.07,1602663726714193184,0,804,2,3328,12,1602663726714173238,3
AAPL,122.06,1602663733244565361,0,805,12,3336,12,1602663733244549640,3
AAPL,122.05,1602663738053795937,0,806,5,3338,12,1602663738053781166,3
AAPL,122.03,1602663745446309601,0,807,75,3343,12,1602663745446293341,3
AAPL,122.04,1602663745446311956,0,808,80,3344,12,1602663745446293341,3
AAPL,122.03,1602663749746593166,0,809,1000,3345,12,1602663749746577223,3
AAPL,122.02,1602663749878156975,0,383,104,3346,11,1602663749877791488,3
AAPL,122.03,1602663750009366931,0,810,200,3347,12,1602663750009349913,3
AAPL,122.02,1602663750513350913,0,811,38,3348,12,1602663750513335142,3
AAPL,122.03,1602663760365166522,0,812,50,3356,12,1602663760365150437,3
AAPL,122.03,1602663772784611368,0,813,41,3365,12,1602663772784595932,3
AAPL,122.03,1602663775355548829,0,814,1,3367,12,1602663775355533777,3
AAPL,122.03,1602663794704671253,0,384,5,3382,11,1602663794704306176,3
AAPL,122.04,1602663794750606454,0,815,5,3383,12,1602663794750589254,3
AAPL,122.03,1602663794751000286,0,385,2,3384,11,1602663794750636544,3
AAPL,122.04,1602663810286830227,0,816,7,3385,12,1602663810286814622,3
AAPL,122.03,1602663813932246276,0,386,19,3386,11,1602663813931881728,3
AAPL,122.03,1602663813932248219,0,387,38,3387,11,1602663813931881728,3
AAPL,122.04,1602663813932403380,0,817,100,3388,12,1602663813932387604,3
AAPL,122.05,1602663823067543153,0,818,100,3392,12,1602663823067525212,3
AAPL,122.05,1602663823075885433,0,819,3,3393,12,1602663823075869927,3
AAPL,122.05,1602663827396029992,0,388,58,3394,11,1602663827395662080,3
AAPL,122.04,1602663827396031878,0,389,153,3395,11,1602663827395662080,3
AAPL,122.04,1602663828967881012,0,390,1,3396,11,1602663828967516160,3
AAPL,122.05,1602663836426982631,0,820,62,3398,12,1602663836426965765,3
AAPL,122.05,1602663836780864214,0,821,5,3399,12,1602663836780848343,3
AAPL,122.09,1602663837596054337,0,391,100,3400,11,1602663837595683840,3
AAPL,122.1,1602663837596054499,0,392,100,3401,11,1602663837595683840,3
AAPL,122.1,1602663837596054668,0,393,100,3402,11,1602663837595683840,3
AAPL,122.1,1602663837596058490,0,394,547,3403,11,1602663837595683840,3
AAPL,122.1,1602663837599659194,0,395,100,3404,11,1602663837599295744,3
AAPL,122.05,1602663837728600075,0,822,30,3406,12,1602663837728579981,3
AAPL,122.06,1602663837728602067,0,823,1,3407,12,1602663837728579981,3
AAPL,122.07,1602663837728604828,0,824,10,3408,12,1602663837728579981,3
AAPL,122.1,1602663837728607546,0,825,30,3409,12,1602663837728579981,3
AAPL,122.1,1602663856596311182,0,826,300,3418,12,1602663856596295063,3
AAPL,122.1,1602663856596374741,0,827,160,3419,12,1602663856596359848,3
AAPL,122.1,1602663857626005573,0,828,41,3420,12,1602663857625990072,3
AAPL,122.1,1602663857679275977,0,829,80,3421,12,1602663857679259304,3
AAPL,122.1,1602663858478814862,0,830,20,3422,12,1602663858478799308,3
AAPL,122.1,1602663862342125417,0,831,10,3424,12,1602663862342109503,3
AAPL,122.1,1602663863407880265,0,832,15,3425,12,1602663863407864758,3
AAPL,122.15,1602663871030830284,0,833,1,3429,12,1602663871030810081,3
AAPL,122.15,1602663873736446427,0,834,1000,3430,12,1602663873736430707,3
AAPL,122.15,1602663873998636845,0,835,200,3431,12,1602663873998620196,3
AAPL,122.15,1602663874275738772,0,836,49,3432,12,1602663874275723313,3
AAPL,122.15,1602663877685771381,0,837,200,3435,12,1602663877685755693,3
AAPL,122.15,1602663884221643696,0,838,600,3438,12,1602663884221626546,3
AAPL,122.15,1602663885268889729,0,839,50,3440,12,1602663885268872872,3
AAPL,122.15,1602663886253932027,0,840,200,3441,12,1602663886253916207,3
AAPL,122.14,1602663894994014070,0,841,72,3445,12,1602663894993998248,3
AAPL,122.14,1602663896897495207,0,842,152,3446,12,1602663896897478807,3
AAPL,122.15,1602663910415201992,0,396,81,3451,11,1602663910414838272,3
AAPL,122.14,1602663919243285641,0,843,2,3453,12,1602663919243269976,3
AAPL,122.14,1602663921618500531,0,844,1,3454,12,1602663921618484596,3
AAPL,122.11,1602663924164517477,0,397,5,3456,11,1602663924164152576,3
AAPL,122.14,1602663927280434207,0,845,45,3458,12,1602663927280417235,3
AAPL,122.14,1602663927280474979,0,846,3,3459,12,1602663927280417235,3
AAPL,122.14,1602663927280479196,0,847,52,3460,12,1602663927280417235,3
AAPL,122.1,1602663929210889862,0,848,3,3461,12,1602663929210872873,3
AAPL,122.1,1602663929210892544,0,849,7,3462,12,1602663929210872873,3
AAPL,122.14,1602663935251047368,0,850,28,3465,12,1602663935251030575,3
AAPL,122.15,1602663938469032804,0,398,47,3466,11,1602663938468666112,3
AAPL,122.14,1602663938469125228,0,851,172,3467,12,1602663938469108580,3
AAPL,122.14,1602663938469127583,0,852,2,3468,12,1602663938469108580,3
AAPL,122.14,1602663947013962576,0,853,3,3470,12,1602663947013946571,3
AAPL,122.14,1602663958482381435,0,854,7,3473,12,1602663958482365055,3
AAPL,122.14,1602663962660545601,0,855,10,3474,12,1602663962660527985,3
AAPL,122.16,1602663990939497010,0,399,200,3509,11,1602663990939130624,3
AAPL,122.16,1602663998637896327,0,856,20,3511,12,1602663998637879401,3
AAPL,122.19,1602664004173888286,0,400,100,3512,11,1602664004173521152,3
AAPL,122.19,1602664004173890318,0,401,300,3513,11,1602664004173521152,3
AAPL,122.19,1602664004176950199,0,402,100,3514,11,1602664004176584704,3
AAPL,122.17,1602664004194312577,0,857,40,3515,12,1602664004194293742,3
AAPL,122.17,1602664004194315252,0,858,10,3516,12,1602664004194293742,3
AAPL,122.2,1602664004194318075,0,859,2,3517,12,1602664004194293742,3
AAPL,122.2,1602664004194323576,0,860,15,3518,12,1602664004194293742,3
AAPL,122.2,1602664004194326316,0,861,133,3519,12,1602664004194293742,3
AAPL,122.2,1602664010979198823,0,403,30,3521,11,1602664010978833152,3
AAPL,122.21,1602664013350216215,0,404,80,3522,11,1602664013349851136,3
AAPL,122.2,1602664013756050243,0,862,2,3523,12,1602664013756034053,3
AAPL,122.21,1602664014211795959,0,405,51,3524,11,1602664014211430912,3
AAPL,122.24,1602664018344852477,0,406,2,3527,11,1602664018344486656,3
AAPL,122.25,1602664022084643150,0,863,30,3528,12,1602664022084627643,3
AAPL,122.24,1602664023933776823,0,407,53,3531,11,1602664023933407232,3
AAPL,122.27,1602664023933776962,0,408,47,3532,11,1602664023933407232,3
AAPL,122.25,1602664025664360109,0,864,20,3536,12,1602664025664343697,3
AAPL,122.28,1602664026170778147,0,865,25,3538,12,1602664026170762046,3
AAPL,122.27,1602664026229495390,0,409,1,3539,11,1602664026229130240,3
AAPL,122.27,1602664031765255529,0,866,13,3542,12,1602664031765240122,3
AAPL,122.25,1602664032493080688,0,867,5,3543,12,1602664032493064410,3
AAPL,122.21,1602664034894813440,0,410,3,3545,11,1602664034894447360,3
AAPL,122.17,1602664034894815952,0,411,221,3546,11,1602664034894447360,3
AAPL,122.25,1602664034894828194,0,868,45,3547,12,1602664034894812558,3
AAPL,122.2,1602664034894911571,0,869,8,3548,12,1602664034894895811,3
AAPL,122.16,1602664034894913919,0,870,140,3549,12,1602664034894895811,3
AAPL,122.16,1602664034895542171,0,412,45,3550,11,1602664034895178752,3
AAPL,122.16,1602664035934186463,0,413,3,3551,11,1602664035933821952,3
AAPL,122.16,1602664038578382207,0,414,500,3556,11,1602664038578016256,3
AAPL,122.16,1602664041510754192,0,415,80,3557,11,1602664041510386688,3
AAPL,122.16,1602664041510754329,0,416,10,3558,11,1602664041510386688,3
AAPL,122.2,1602664044807059053,0,417,200,3559,11,1602664044806692864,3
AAPL,122.2,1602664051243753607,0,418,10,3565,11,1602664051243385856,3
AAPL,122.2,1602664057314315627,0,419,2,3572,11,1602664057313951232,3
AAPL,122.16,1602664059186695903,0,871,2,3573,12,1602664059186679781,3
AAPL,122.16,1602664062391789722,0,872,3,3576,12,1602664062391774591,3
AAPL,122.16,1602664066187754586,0,873,100,3577,12,1602664066187738824,3
AAPL,122.16,1602664076768712123,0,874,95,3580,12,1602664076768695863,3
AAPL,122.14,1602664087105925019,0,875,83,3584,12,1602664087105905747,3
AAPL,122.14,1602664087105927668,0,876,22,3585,12,1602664087105905747,3
AAPL,122.14,1602664087105930906,0,877,1,3586,12,1602664087105905747,3
AAPL,122.14,1602664087105936422,0,878,94,3587,12,1602664087105905747,3
AAPL,122.16,1602664102445199630,0,420,14,3592,11,1602664102444834560,3
AAPL,122.16,1602664105439360442,0,421,15,3593,11,1602664105438995200,3
AAPL,122.16,1602664106069866577,0,422,5,3594,11,1602664106069502976,3
AAPL,122.16,1602664106183866184,0,423,2,3595,11,1602664106183501568,3
AAPL,122.16,1602664106294074134,0,879,10,3596,12,1602664106294057725,3
AAPL,122.15,1602664107431257052,0,424,10,3597,11,1602664107430892544,3
AAPL,122.15,1602664109551316330,0,425,3,3598,11,1602664109550951424,3
AAPL,122.15,1602664110091040055,0,426,1,3599,11,1602664110090673920,3
AAPL,122.15,1602664112215390575,0,427,1,3604,11,1602664112215025664,3
AAPL,122.16,1602664120700646896,0,428,15,3606,11,1602664120700281856,3
AAPL,122.14,1602664122011885931,0,880,6,3607,12,1602664122011867218,3
AAPL,122.14,1602664122011888681,0,881,7,3608,12,1602664122011867218,3
AAPL,122.12,1602664122011891857,0,882,20,3609,12,1602664122011867218,3
AAPL,122.11,1602664122011896140,0,883,50,3610,12,1602664122011867218,3
AAPL,122.1,1602664122011897932,0,884,3,3611,12,1602664122011867218,3
AAPL,122.1,1602664122011901153,0,885,3,3612,12,1602664122011867218,3
AAPL,122.15,1602664140559869272,0,886,29,3620,12,1602664140559849294,3
AAPL,122.16,1602664140559871894,0,887,32,3621,12,1602664140559849294,3
AAPL,122.16,1602664140559874712,0,888,4,3622,12,1602664140559849294,3
AAPL,122.16,1602664140559877957,0,889,247,3623,12,1602664140559849294,3
AAPL,122.16,1602664140559882495,0,890,20,3624,12,1602664140559849294,3
AAPL,122.16,1602664140559884221,0,891,168,3625,12,1602664140559849294,3
AAPL,122.16,1602664141796212316,0,429,38,3626,11,1602664141795842304,3
AAPL,122.16,1602664141986721906,0,430,111,3627,11,1602664141986352640,3
AAPL,122.16,1602664141986722037,0,431,10,3628,11,1602664141986352640,3
AAPL,122.14,1602664151360997833,0,892,2,3632,12,1602664151360979227,3
AAPL,122.2,1602664151361000208,0,893,20,3633,12,1602664151360979227,3
AAPL,122.2,1602664151361002887,0,894,28,3634,12,1602664151360979227,3
AAPL,122.16,1602664155872021847,0,895,2,3636,12,1602664155872005447,3
AAPL,122.2,1602664156233460111,0,432,2,3637,11,1602664156233093120,3
AAPL,122.23,1602664156820518472,0,896,4,3639,12,1602664156820501818,3
AAPL,122.25,1602664156820521536,0,897,46,3640,12,1602664156820501818,3
AAPL,122.21,1602664162868990738,0,433,12,3644,11,1602664162868624640,3
AAPL,122.2,1602664162868992701,0,434,88,3645,11,1602664162868624640,3
AAPL,122.2,1602664163320737777,0,898,50,3646,12,1602664163320721907,3
AAPL,122.25,1602664167008861338,0,899,33,3648,12,1602664167008844794,3
AAPL,122.27,1602664190571220888,0,435,3,3652,11,1602664190570853376,3
AAPL,122.25,1602664195844293189,0,900,10,3654,12,1602664195844277108,3
AAPL,122.26,1602664197861479758,0,436,10,3655,11,1602664197861111296,3
AAPL,122.21,1602664197861479907,0,437,20,3656,11,1602664197861111296,3
AAPL,122.25,1602664199486634663,0,901,7,3657,12,1602664199486618363,3
AAPL,122.25,1602664200185288043,0,902,10,3658,12,1602664200185272560,3
AAPL,122.25,1602664200786984811,0,903,38,3662,12,1602664200786969861,3
AAPL,122.25,1602664201863025887,0,904,65,3663,12,1602664201863009738,3
AAPL,122.28,1602664205110279037,0,905,25,3665,12,1602664205110262709,3
AAPL,122.3,1602664205111389122,0,906,100,3666,12,1602664205111370180,3
AAPL,122.3,1602664205111393105,0,907,25,3667,12,1602664205111370180,3
AAPL,122.3,1602664205111395086,0,908,3,3668,12,1602664205111370180,3
AAPL,122.3,1602664205111398522,0,909,10,3669,12,1602664205111370180,3
AAPL,122.3,1602664205111403387,0,910,150,3670,12,1602664205111370180,3
AAPL,122.27,1602664205112078268,0,438,11,3671,11,1602664205111711232,3
AAPL,122.3,1602664205112081270,0,439,100,3672,11,1602664205111711232,3
AAPL,122.3,1602664205112081448,0,440,10,3673,11,1602664205111711232,3
AAPL,122.37,1602664208428948996,0,911,40,3676,12,1602664208428932134,3
AAPL,122.37,1602664209715878175,0,912,37,3679,12,1602664209715862139,3
AAPL,122.38,1602664210619280422,0,913,110,3682,12,1602664210619262921,3
AAPL,122.38,1602664210619282815,0,914,130,3683,12,1602664210619262921,3
AAPL,122.38,1602664211505847321,0,915,500,3685,12,1602664211505831213,3
AAPL,122.39,1602664212152607652,0,916,100,3686,12,1602664212152587526,3
AAPL,122.39,1602664212152608786,0,917,4,3687,12,1602664212152587526,3
AAPL,122.39,1602664212152611621,0,918,10,3688,12,1602664212152587526,3
AAPL,122.39,1602664212152615874,0,919,46,3689,12,1602664212152587526,3
AAPL,122.37,1602664214561680521,0,920,23,3690,12,1602664214561665038,3
AAPL,122.37,1602664221895863449,0,921,50,3692,12,1602664221895847921,3
AAPL,122.37,1602664240567023948,0,922,18,3699,12,1602664240567005611,3
AAPL,122.37,1602664240567027128,0,923,60,3700,12,1602664240567005611,3
AAPL,122.37,1602664240567030592,0,924,20,3701,12,1602664240567005611,3
AAPL,122.37,1602664240567033551,0,925,190,3702,12,1602664240567005611,3
AAPL,122.37,1602664240567036617,0,926,10,3703,12,1602664240567005611,3
AAPL,122.37,1602664240723614255,0,927,1,3704,12,1602664240723598961,3
AAPL,122.37,1602664240910927861,0,928,13,3705,12,1602664240910911953,3
AAPL,122.38,1602664240946968071,0,929,8,3706,12,1602664240946951083,3
AAPL,122.38,1602664246668242324,0,930,10,3707,12,1602664246668227165,3
AAPL,122.37,1602664251755061130,0,931,10,3708,12,1602664251755045884,3
AAPL,122.38,1602664263556209633,0,932,12,3715,12,1602664263556194046,3
AAPL,122.37,1602664269548766433,0,933,15,3719,12,1602664269548748091,3
AAPL,122.38,1602664270073628503,0,934,18,3720,12,1602664270073610961,3
AAPL,122.37,1602664279058135079,0,935,2,3721,12,1602664279058119162,3
AAPL,122.32,1602664281224883661,0,441,100,3723,11,1602664281224515072,3
AAPL,122.32,1602664281224883815,0,442,107,3724,11,1602664281224515072,3
AAPL,122.37,1602664281364813973,0,936,29,3725,12,1602664281364797659,3
AAPL,122.3,1602664281364816819,0,937,2,3726,12,1602664281364797659,3
AAPL,122.3,1602664281425801162,0,938,1,3727,12,1602664281425785758,3
AAPL,122.3,1602664297115295137,0,939,100,3733,12,1602664297115279205,3
AAPL,122.29,1602664305285549293,0,940,8,3743,12,1602664305285533871,3
AAPL,122.3,1602664305636633695,0,941,100,3744,12,1602664305636616501,3
AAPL,122.26,1602664308879724996,0,443,3,3746,11,1602664308879355136,3
AAPL,122.25,1602664308879725131,0,444,2,3747,11,1602664308879355136,3
AAPL,122.3,1602664310372884399,0,942,50,3751,12,1602664310372869141,3
AAPL,122.3,1602664310959356119,0,943,11,3752,12,1602664310959339090,3
AAPL,122.3,1602664310959358490,0,944,61,3753,12,1602664310959339090,3
AAPL,122.3,1602664310959361209,0,945,28,3754,12,1602664310959339090,3
AAPL,122.27,1602664321656463292,0,445,1,3756,11,1602664321656094464,3
AAPL,122.22,1602664321656463465,0,446,99,3757,11,1602664321656094464,3
AAPL,122.3,1602664324458100819,0,946,2,3758,12,1602664324458084730,3
AAPL,122.29,1602664327013385979,0,947,2,3759,12,1602664327013370264,3
AAPL,122.29,1602664327013787974,0,447,2,3760,11,1602664327013424128,3
AAPL,122.26,1602664343257511411,0,948,9,3768,12,1602664343257493243,3
AAPL,122.26,1602664343257514099,0,949,48,3769,12,1602664343257493243,3
AAPL,122.25,1602664343257517349,0,950,243,3770,12,1602664343257493243,3
AAPL,122.25,1602664347022486985,0,951,57,3772,12,1602664347022470988,3
AAPL,122.27,1602664348646867627,0,448,1,3773,11,1602664348646502144,3
AAPL,122.26,1602664349436419007,0,952,1,3774,12,1602664349436402569,3
AAPL,122.26,1602664349436421865,0,953,99,3775,12,1602664349436402569,3
AAPL,122.25,1602664353510455557,0,954,2,3778,12,1602664353510439878,3
AAPL,122.25,1602664353617922958,0,955,5,3779,12,1602664353617907635,3
AAPL,122.25,1602664358119762131,0,956,50,3780,12,1602664358119746022,3
AAPL,122.25,1602664358119765110,0,957,12,3781,12,1602664358119746022,3
AAPL,122.26,1602664360223910738,0,958,80,3783,12,1602664360223893508,3
AAPL,122.26,1602664362645518898,0,959,30,3784,12,1602664362645503163,3
AAPL,122.25,1602664364818820784,0,960,1,3785,12,1602664364818803012,3
AAPL,122.26,1602664364818823486,0,961,11,3786,12,1602664364818803012,3
AAPL,122.27,1602664364818826763,0,962,88,3787,12,1602664364818803012,3
AAPL,122.25,1602664365254321293,0,963,10,3788,12,1602664365254305378,3
AAPL,122.27,1602664372137555696,0,964,2,3790,12,1602664372137540087,3
AAPL,122.26,1602664373244252355,0,965,2,3791,12,1602664373244233699,3
AAPL,122.25,1602664373244254301,0,966,158,3792,12,1602664373244233699,3
AAPL,122.25,1602664373374740702,0,967,1,3793,12,1602664373374725500,3
AAPL,122.25,1602664373737256785,0,968,2,3794,12,1602664373737241266,3
AAPL,122.25,1602664376638373659,0,969,50,3796,12,1602664376638357882,3
AAPL,122.25,1602664378356183321,0,970,5,3797,12,1602664378356166778,3
AAPL,122.25,1602664378504573372,0,449,2,3798,11,1602664378504208640,3
AAPL,122.25,1602664378610428280,0,450,9,3799,11,1602664378610064128,3
AAPL,122.25,1602664378730749918,0,451,3,3800,11,1602664378730385920,3
AAPL,122.25,1602664378946971070,0,971,100,3801,12,1602664378946955302,3
AAPL,122.25,1602664379539032847,0,972,100,3802,12,1602664379539017152,3
AAPL,122.25,1602664382958153780,0,973,354,3803,12,1602664382958136545,3
AAPL,122.25,1602664383317146099,0,974,85,3804,12,1602664383317130622,3
AAPL,122.21,1602664384989013876,0,452,4,3806,11,1602664384988645632,3
AAPL,122.21,1602664384989014115,0,453,78,3807,11,1602664384988645632,3
AAPL,122.21,1602664385610827306,0,454,1,3811,11,1602664385610462208,3
AAPL,122.24,1602664387242746355,0,975,100,3814,12,1602664387242728000,3
AAPL,122.24,1602664388059011642,0,976,88,3815,12,1602664388058987069,3
AAPL,122.25,1602664388059012001,0,977,494,3816,12,1602664388058987069,3
AAPL,122.21,1602664388061474974,0,455,3,3817,11,1602664388061108224,3
AAPL,122.25,1602664388061477042,0,456,1,3818,11,1602664388061108224,3
AAPL,122.25,1602664389429761339,0,457,14,3819,11,1602664389429396224,3
AAPL,122.24,1602664389432653893,0,458,100,3820,11,1602664389432290560,3
AAPL,122.24,1602664390431206309,0,459,100,3821,11,1602664390430838784,3
AAPL,122.26,1602664395512871842,0,978,80,3823,12,1602664395512855043,3
AAPL,122.26,1602664395512874593,0,979,20,3824,12,1602664395512855043,3
AAPL,122.24,1602664395538083948,0,460,12,3825,11,1602664395537716736,3
AAPL,122.24,1602664395538084087,0,461,55,3826,11,1602664395537716736,3
AAPL,122.26,1602664396336564921,0,980,21,3827,12,1602664396336548391,3
AAPL,122.24,1602664396406995506,0,462,100,3828,11,1602664396406630144,3
AAPL,122.26,1602664405879247362,0,981,3,3832,12,1602664405879231225,3
AAPL,122.25,1602664406306006478,0,982,2,3833,12,1602664406305990786,3
AAPL,122.25,1602664407601366591,0,983,200,3834,12,1602664407601350991,3
AAPL,122.27,1602664408586626910,0,463,16,3835,11,1602664408586259456,3
AAPL,122.25,1602664408586627068,0,464,1,3836,11,1602664408586259456,3
AAPL,122.25,1602664411988784432,0,984,199,3837,12,1602664411988767035,3
AAPL,122.25,1602664413351614803,0,985,35,3841,12,1602664413351599819,3
AAPL,122.25,1602664413522407280,0,986,61,3842,12,1602664413522391762,3
AAPL,122.25,1602664423342900062,0,987,10,3849,12,1602664423342883517,3
AAPL,122.25,1602664429936682987,0,988,7,3853,12,1602664429936666342,3
AAPL,122.25,1602664432537199691,0,989,1,3855,12,1602664432537184271,3
AAPL,122.24,1602664444336491241,0,990,14,3862,12,1602664444336475156,3
AAPL,122.24,1602664446606305583,0,991,14,3865,12,1602664446606289575,3
AAPL,122.23,1602664459449100458,0,992,3,3874,12,1602664459449084849,3
AAPL,122.21,1602664472162805544,0,465,16,3882,11,1602664472162439424,3
AAPL,122.21,1602664476546719767,0,993,10,3891,12,1602664476546703925,3
AAPL,122.2,1602664478164030262,0,994,9,3893,12,1602664478164012819,3
AAPL,122.2,1602664478174545671,0,995,2,3894,12,1602664478174530412,3
AAPL,122.2,1602664481788510648,0,996,14,3896,12,1602664481788493021,3
AAPL,122.2,1602664486836438342,0,997,100,3897,12,1602664486836422480,3
AAPL,122.2,1602664487139611056,0,998,50,3898,12,1602664487139594289,3
AAPL,122.21,1602664487139613562,0,999,47,3899,12,1602664487139594289,3
AAPL,122.2,1602664493402027085,0,466,5,3900,11,1602664493401659648,3
AAPL,122.22,1602664495725124142,0,1000,10,3901,12,1602664495725107171,3
AAPL,122.22,1602664495725126897,0,1001,5,3902,12,1602664495725107171,3
AAPL,122.23,1602664495725129726,0,1002,61,3903,12,1602664495725107171,3
AAPL,122.23,1602664500265754248,0,1003,3,3911,12,1602664500265738427,3
AAPL,122.2,1602664519360427696,0,467,10,3914,11,1602664519360060672,3
AAPL,122.23,1602664539010800082,0,1004,36,3924,12,1602664539010782474,3
AAPL,122.23,1602664539010802061,0,1005,24,3925,12,1602664539010782474,3
AAPL,122.23,1602664540800715632,0,1006,5,3926,12,1602664540800698855,3
AAPL,122.25,1602664540800718130,0,1007,37,3927,12,1602664540800698855,3
AAPL,122.25,1602664542852178699,0,1008,55,3930,12,1602664542852161623,3
AAPL,122.25,1602664542852181464,0,1009,8,3931,12,1602664542852161623,3
AAPL,122.25,1602664542852184202,0,1010,1,3932,12,1602664542852161623,3
AAPL,122.25,1602664542852577664,0,468,6,3933,11,1602664542852212224,3
AAPL,122.25,1602664542852577870,0,469,30,3934,11,1602664542852212224,3
AAPL,122.27,1602664548780004315,0,1011,2,3937,12,1602664548779988327,3
AAPL,122.27,1602664552830872318,0,1012,8,3938,12,1602664552830856632,3
AAPL,122.23,1602664555765801007,0,470,92,3939,11,1602664555765432320,3
AAPL,122.27,1602664555765801248,0,471,70,3940,11,1602664555765432320,3
AAPL,122.29,1602664555788901156,0,472,200,3941,11,1602664555788537088,3
AAPL,122.28,1602664555789165289,0,1013,15,3942,12,1602664555789146625,3
AAPL,122.29,1602664555789168498,0,1014,123,3943,12,1602664555789146625,3
AAPL,122.22,1602664569927111674,0,1015,150,3946,12,1602664569927096345,3
AAPL,122.25,1602664576089373628,0,1016,2,3947,12,1602664576089356282,3
AAPL,122.25,1602664581996644942,0,473,1,3949,11,1602664581996277248,3
AAPL,122.22,1602664581998088215,0,1017,50,3950,12,1602664581998070819,3
AAPL,122.22,1602664582110976005,0,1018,1,3951,12,1602664582110960459,3
AAPL,122.23,1602664585952036942,0,474,1,3952,11,1602664585951670528,3
AAPL,122.2,1602664585952037094,0,475,37,3953,11,1602664585951670528,3
AAPL,122.2,1602664585952625388,0,476,48,3954,11,1602664585952255488,3
AAPL,122.2,1602664585952625607,0,477,100,3955,11,1602664585952255488,3
AAPL,122.2,1602664585952625768,0,478,14,3956,11,1602664585952255488,3
AAPL,122.22,1602664598981095869,0,479,5,3961,11,1602664598980727296,3
AAPL,122.2,1602664598981096011,0,480,12,3962,11,1602664598980727296,3
AAPL,122.21,1602664598981192051,0,1019,20,3963,12,1602664598981172427,3
AAPL,122.18,1602664598981194695,0,1020,10,3964,12,1602664598981172427,3
AAPL,122.18,1602664598981197647,0,1021,10,3965,12,1602664598981172427,3
AAPL,122.18,1602664598981202959,0,1022,30,3966,12,1602664598981172427,3
AAPL,122.16,1602664598981206329,0,1023,20,3967,12,1602664598981172427,3
AAPL,122.15,1602664598981208142,0,1024,213,3968,12,1602664598981172427,3
AAPL,122.22,1602664605148649151,0,1025,2,3975,12,1602664605148632962,3
AAPL,122.23,1602664612414367999,0,481,4,3977,11,1602664612414002432,3
AAPL,122.22,1602664616985552741,0,482,2,3984,11,1602664616985186816,3
AAPL,122.21,1602664616985555184,0,483,1,3985,11,1602664616985186816,3
AAPL,122.21,1602664616985645368,0,1026,10,3986,12,1602664616985628586,3
AAPL,122.15,1602664616985647995,0,1027,627,3987,12,1602664616985628586,3
AAPL,122.15,1602664618149042474,0,1028,640,3995,12,1602664618149026972,3
AAPL,122.15,1602664618162202171,0,1029,640,3998,12,1602664618162186713,3
AAPL,122.15,1602664618175691056,0,1030,320,4001,12,1602664618175675917,3
AAPL,122.15,1602664618239751172,0,1031,320,4010,12,1602664618239735009,3
AAPL,122.15,1602664618589522907,0,1032,600,4013,12,1602664618589507139,3
AAPL,122.15,1602664619135436256,0,1033,1000,4014,12,1602664619135420913,3
AAPL,122.15,1602664619274224405,0,1034,1000,4015,12,1602664619274208615,3
AAPL,122.15,1602664619329771002,0,1035,100,4016,12,1602664619329755863,3
AAPL,122.15,1602664619371239139,0,1036,100,4017,12,1602664619371224002,3
AAPL,122.15,1602664619504762446,0,1037,100,4018,12,1602664619504746905,3
AAPL,122.15,1602664619764004878,0,1038,150,4019,12,1602664619763989706,3
AAPL,122.15,1602664619777450933,0,1039,100,4020,12,1602664619777435765,3
AAPL,122.15,1602664619843921399,0,1040,300,4021,12,1602664619843906195,3
AAPL,122.15,1602664619941408548,0,1041,197,4022,12,1602664619941391662,3
AAPL,122.15,1602664619976784208,0,1042,100,4023,12,1602664619976767417,3
AAPL,122.15,1602664620006132485,0,1043,800,4024,12,1602664620006112155,3
AAPL,122.15,1602664620181153086,0,1044,300,4029,12,1602664620181137530,3
AAPL,122.15,1602664620188304127,0,1045,100,4030,12,1602664620188288658,3
AAPL,122.15,1602664620279177034,0,1046,200,4031,12,1602664620279161785,3
AAPL,122.15,1602664620373792960,0,1047,100,4032,12,1602664620373777533,3
AAPL,122.15,1602664620442160685,0,1048,150,4033,12,1602664620442145405,3
AAPL,122.15,1602664620457321401,0,1049,500,4034,12,1602664620457305998,3
AAPL,122.15,1602664620565311703,0,1050,100,4035,12,1602664620565296819,3
AAPL,122.15,1602664620570129230,0,1051,100,4036,12,1602664620570114227,3
AAPL,122.15,1602664620616009212,0,1052,1000,4037,12,1602664620615992621,3
AAPL,122.15,1602664621006530280,0,1053,143,4038,12,1602664621006511259,3
